2143 3084
1553 135 1569 162 1
1588 134 1602 163 1
1624 137 1640 167 1

208 198 295 247 70·
369 184 509 238 Cum
530 184 809 238 Provincia
834 183 1108 251 Regularis'
1130 184 1489 237 Observantiae
1516 186 1564 236 in
1589 189 1726 240 Dn-

143 255 311 307 matia
349 256 577 306 multum
613 255 850 320 indigeat
890 255 1165 323 Religiosts
1189 253 1426 305 dochini
1465 254 1515 305 S<
1540 259 1723 308 crudi-

143 325 289 378 tione
312 323 575 388 praeditis,
613 341 782 391 neque
800 326 937 375 intra
957 293 1218 376 ambitum
1254 323 1401 374 suum
1427 327 1718 377 commode

143 389 278 458 iplos
298 393 532 446 formate
567 392 761 460 posfit,
799 393 1227 445 commendatur
1246 393 1717 446 Reveiendil'fimis

142 462 510 529 Superioribus
550 465 934 524 GeneralibUS‚
965 475 1021 513 ut
1043 462 1309 525 praefatam
1347 464 1458 522 ejus
1480 464 1732 533 indIgen-

149 532 279 582 tiam
308 549 363 599 pl
369 550 405 583 ae
429 533 596 584 oculis
621 535 882 585 habeant
920 545 1076 596 utque
1097 531 1146 583 se
1170 531 1351 584 faciles
1370 533 1632 596 praebeant
1657 533 1725 585 ad

142 602 510 677 concedendas
533 603 815 655 facultates
831 601 1062 653 studiosis
1088 601 1230 653 illius
1271 603 1325 652 in
1346 602 1479 654 alias
1498 605 1724 655 Provin-

143 669 256 721 cias
276 672 735 724 transmittendis.

215 760 238 802 7
258 756 301 789 1·
374 742 628 794 Decrevit
666 739 1048 793 Definitorium
1072 741 1337 791 Generale
1375 740 1718 793 Provinciam

137 808 311 860 Sancti
355 809 553 878 Vigilii
586 809 1079 862 connumerandam
1114 806 1217 861 elle
1254 810 1391 860 inter
1418 811 1729 863 Provincias

147 849 475 940 Geimana3‚
513 891 719 932 attento
755 882 917 930 etiam
958 877 1271 944 Diplomate
1297 880 1414 931 Sac
1434 878 1691 935 Caesateae
1703 916 1721 941 ‚

146 947 196 997 St
216 949 508 1000 Catholicae
531 948 824 1008 Majestatis
849 958 996 1014 luper
1023 953 1119 1000 hac
1138 965 1239 999 re.

212 1037 236 1080 7
252 1037 299 1067 2.
373 1016 756 1070 Discretorium
777 1017 1042 1070 Generale
1063 1016 1301 1069 decrevit
1324 1018 1716 1072 observantem

140 1084 480 1139 Provinciam
503 1087 709 1154 Ragufii
732 1086 901 1138 teneri
923 1087 986 1138 de
1008 1087 1122 1146 jure
1159 1086 1224 1139 ad
1247 1089 1492 1153 expensas
1519 1088 1727 1140 itineris

139 1170 239 1219 pro
262 1158 415 1208 Patre
441 1155 749 1209 Diffinitore
768 1158 1017 1207 Generali
1041 1192 1059 1216 ,
1096 1156 1145 1207 ὃ(
1167 1157 1287 1208 aliis
1307 1158 1578 1209 vocalibus
1599 1158 1733 1219 eius-

139 1221 265 1276 dem
290 1225 577 1277 Provinciae
616 1224 990 1277 accedentibus
1036 1224 1100 1275 ad
1126 1225 1437 1291 Capitulum
1458 1228 1730 1279 Generale

141 1293 206 1345 ad
241 1293 541 1346 mensuram
561 1293 816 1346 distantiae
837 1295 942 1346 loci
965 1293 1259 1360 Capitulai
1247 1310 1290 1346 13
1311 1330 1329 1356 ,
1370 1295 1421 1346 St
1445 1294 1517 1346 ita
1537 1297 1730 1363 exequi

140 1362 456 1416 mandavit.

207 1451 292 1496 73.
366 1431 506 1484 Cum
529 1431 762 1486 custodia
780 1431 1070 1485 Striciiotis
1089 1433 1490 1486 Observantiae
1475 1450 1528 1485 111
1545 1436 1730 1488 Tran-

137 1497 375 1564 sylvania
398 1517 622 1567 quatuor
643 1501 971 1555 Residentias
992 1504 1182 1554 habeat
1206 1538 1223 1564 ‚
1270 1506 1322 1555 in
1347 1504 1534 1569 qnibus
1557 1506 1733 1574 fingu-

141 1570 208 1622 lis
249 1569 316 1622 ad
346 1569 541 1637 viginti
582 1572 832 1651 Religiosi
876 1572 1174 1624 inhabitant
1197 1608 1213 1633 ‚
1260 1573 1309 1625 ὃ(
1343 1548 1696 1627 sustentantur
1714 1613 1735 1638 ‚

134 1642 252 1699 ejus
271 1640 601 1706 indulgendo
629 1640 910 1705 petitioni,
933 1641 1153 1706 praefatae
1182 1641 1524 1693 Rcfidentiae
1510 1661 1561 1694 in
1585 1642 1734 1695 Con-

140 1722 335 1762 ventus
356 1713 637 1776 eriguntur
661 1745 679 1769 ,
720 1709 771 1760 8<
791 1709 1132 1761 declarantur
1156 1725 1168 1759 ι
1208 1709 1451 1780 Cumque
1473 1714 1614 1766 ultra
1635 1713 1736 1765 Re-

140 1778 389 1831 fidentias
411 1779 684 1843 praedicias
704 1779 835 1830 alios
875 1777 1040 1830 etiam
1067 1777 1381 1831 Conventus
1407 1777 1594 1833 decem
1617 1782 1736 1832 for-

141 1860 318 1900 matos
338 1849 526 1901 habeat
549 1886 565 1910 ‚
607 1847 891 1901 annuendo
909 1851 1045 1909 justo
1064 1848 1213 1913 ipsius
1236 1849 1497 1900 desiderio
1518 1851 1571 1901 in
1595 1853 1729 1904 Pro·r

138 1918 375 1969 vinciam
401 1919 628 1987 erigitur
654 1954 669 1979 ‚
691 1917 935 1970 statuitur
961 1916 1012 1969 Sc
1039 1921 1408 1986 promulgatur
1433 1955 1450 1968 .

209 2006 294 2053 74.
366 1988 507 2040 Cum
528 1989 584 2039 P.
611 1988 669 2039 F.
685 1987 917 2055 Joannes
939 1988 1213 2039 Antonius
1250 1993 1277 2039 a
1297 1990 1461 2040 Muro
1480 1989 1724 2042 Vallium

139 2059 353 2124 expleto
376 2057 610 2110 trIennio
632 2057 1062 2110 Provincialatus
1085 2058 1137 2110 in
1159 2057 1479 2111 Observanti
1501 2060 1727 2112 Provin-

138 2127 220 2181 cia
238 2126 480 2185 Albaniae
514 2127 699 2192 *poscat
741 2125 918 2179 redire
953 2126 1019 2180 ad
1046 2131 1312 2193 propriam
1332 2127 1590 2181 Marchiae
1610 2166 1627 2192 ‚
1675 2130 1727 2181 δε

133 2198 211 2252 ibi
233 2197 429 2249 habere
449 2197 628 2249 locum
647 2193 740 2247 fibi
754 2198 1152 2263 competentem
1171 2234 1187 2258 ‚
1207 2197 1594 2250 Discretorium
1619 2201 1730 2251 Ge·-

139 2266 322 2320 nerale
345 2267 533 2321 annuit
554 2301 583 2326 ,A
609 2277 764 2332 prout
797 2265 1081 2333 disponunt
1118 2265 1538 2319 Constitutiones
1559 2269 1730 2323 Ordi-

138 2337 255 2395 niS‚
293 2336 368 2387 ita
385 2348 565 2387 tamen
588 2348 644 2387 ut
669 2335 922 2387 ultimum
947 2348 1129 2390 teneat
1149 2337 1334 2390 locum
1350 2338 1492 2390 inter
1515 2338 1737 2391 Ex-Mi-

136 2406 325 2461 nistros
353 2401 718 2462 provinciales
739 2404 941 2458 Officio
958 2407 1161 2459 fimelos
1189 2443 1204 2457 .
1688 2463 1701 2474 .

212 2492 298 2539 75.
373 2474 675 2542 Iniungitur
707 2474 957 2529 Adm.R.
982 2477 1039 2530 P.
1065 2478 1120 2530 F.
1142 2477 1337 2544 Joanni
1377 2477 1664 2531 Francisco
1698 2479 1734 2532 a

141 2544 395 2597 Sorexina
420 2561 481 2596 ex
503 2542 790 2596 Definitori
811 2547 1062 2599 Generali
1083 2547 1307 2599 Ordinis
1330 2582 1346 2607 ,
1369 2557 1427 2597 ut
1448 2547 1729 2612 prosequa-

142 2627 227 2667 tur
249 2614 704 2680 compilationem
745 2619 989 2668 omnium
1021 2618 1355 2670 statutorum
1381 2618 1733 2673 Ge-neralium

140 2684 215 2737 ,ad
235 2686 463 2736 nostram
489 2684 773 2737 Familiam
807 2687 1188 2750 pertinentium
1215 2723 1231 2749 ‚
1265 2685 1353 2749 qui
1378 2688 1529 2738 labor·
1545 2687 1728 2744 eidem

151 2771 181 2808 a
219 2756 467 2822 proximo
484 2755 1007 2826 GeneraliCapitulo
1048 2754 1402 2815 demandatus
1418 2773 1531 2812 non
1554 2757 1731 2880 aggae
