2143 3084
361 150 387 193 5
405 152 427 183 2

359 210 448 267 64.
523 201 583 253 In
604 197 881 251 Provincia
902 197 1074 250 Sancti
1094 199 1264 251 Patris
1279 196 1456 250 Nostri
1480 194 1740 250 Francisci
1758 198 1883 252 Stu-

295 271 442 324 dium
471 270 736 321 Generale
757 267 980 335 secunde
1002 267 1213 330 Classis,
1237 267 1376 334 quod
1403 269 1452 318 in
1474 267 1759 320 Conventu
1783 269 1881 321 Ti-

293 340 480 410 pherni
517 339 695 392 extitit
735 340 762 388 ἐι
807 338 994 388 multis
1014 340 1162 390 annis
1187 373 1202 398 ,
1243 339 1556 389 transfertur
1579 338 1881 391 perustam-2

293 429 386 479 per
408 409 719 476 Capitulum
760 408 1022 459 Generale
1044 442 1061 467 ‚
1101 407 1275 473 ibique
1316 406 1368 456 in
1392 407 1676 460 Conventu
1699 407 1876 459 Sancti

297 479 629 546 Hieronymi
666 479 960 530 collocatur
982 513 997 527 .
1036 477 1123 529 Ad
1147 478 1488 530 Conventum
1521 476 1883 529 Cataneusem

298 553 351 603 in
375 550 654 604 Provincia
677 548 857 614 Sicilie
890 546 1202 598 transfertur
1238 545 1380 597 aliud
1413 544 1638 612 secunde²
1670 546 1882 607 mains,

300 618 440 687 quod
467 635 602 671 nunc
642 618 694 669 in
721 617 1006 669 Convemu
1046 617 1377 668 Hadranenfi
1421 615 1645 666 existens
1668 618 1737 666 est
1761 653 1773 666 .
1815 617 1879 667 Et

300 691 356 741 in
382 688 664 742 Provincia
689 688 738 737 S.
760 686 953 754 Angeli
976 686 1217 738 Studium
1263 686 1393 736 item
1425 684 1651 748 secunde
1672 684 1881 745 Claffis,

301 759 441 826 quod
477 758 542 811 ad
567 756 911 808 Conventum
936 755 1153 808 Pietatis
1179 754 1403 818 Lucerie
1427 754 1745 805 translatum
1768 752 1883 806 fue-

305 840 411 885 rat,
435 827 741 880 Conventui
767 823 1003 892 &Mario
1025 825 1334 878 Gratiarum
1360 822 1684 889 Campibaffi
1706 822 1886 876 denuo

302 898 596 950 restituitur
620 934 634 946 .
1883 932 1889 937 .

369 975 458 1027 65.
533 965 584 1018 Si
606 966 853 1018 Lectores
892 964 1123 1017 aestuales
1149 1000 1164 1024 ,
1205 976 1318 1015 tam
1342 961 1545 1024 futuri,
1585 979 1742 1028 quam
1770 962 1884 1014 exi—

299 1039 495 1089 stentes
516 1034 581 1086 de
605 1049 1062 1100 quorumcumque
1101 1031 1444 1098 Superiorum
1485 1032 1570 1082 vel
1601 1030 1841 1096 permiffu
1869 1069 1885 1094 ‚

299 1108 385 1158 vel
428 1101 557 1167 jussu
581 1142 595 1165 ,
639 1105 802 1156 etiam
835 1102 900 1154 ad
939 1101 1154 1170 negotia
1192 1100 1444 1160 Ordinis,
1483 1102 1566 1152 vel
1590 1101 1884 1154 Provinciae

298 1186 391 1228 aut
413 1176 520 1234 jam
544 1173 772 1225 distraffi
815 1173 1030 1223 fuerunt
1049 1205 1064 1230 ‚
1104 1182 1195 1221 aut
1219 1170 1271 1221 in
1296 1172 1557 1235 posterum
1595 1170 1889 1221 distrahen-

300 1257 423 1305 tur,
464 1256 672 1308 tempus
696 1279 711 1303 ‚
749 1257 851 1308 quo
885 1257 1006 1292 cum
1045 1238 1227 1291 effec'tu
1270 1251 1359 1290 aut
1398 1251 1888 1300 nonvacaveruut‚

302 1326 518 1366 autnon
540 1313 801 1365 vacabunt
835 1309 1084 1376 deinceps
1122 1308 1353 1366 Lec'iurae
1374 1307 1470 1359 suae
1492 1344 1506 1369 ‚
1548 1319 1888 1374 computetur

301 1382 771 1451 adjubilationem
816 1377 1010 1431 elsdem
1052 1389 1465 1442 tamquam-non
1489 1379 1846 1443 interruptum
1871 1411 1891 1439 ‚

298 1451 387 1506 sed
413 1469 518 1503 non
539 1460 877 1514 computetur
906 1462 1179 1513 tamquam
1201 1447 1417 1498 realiter
1441 1446 1816 1513 adimpletum.

373 1529 464 1574 66.
541 1522 602 1572 In
643 1519 927 1572 Provincia
949 1516 1134 1568 Ruffiae
1182 1515 1408 1566 studium
1449 1516 1889 1584 TlieologicunL,

302 1590 619 1645 Lublinense
657 1588 880 1656 erigitur
902 1587 955 1637 in
977 1582 1222 1637 Studium
1249 1585 1495 1636 Secundae
1519 1584 1708 1636 Classis
1737 1601 1747 1635 :
1790 1585 1890 1634 In)

299 1661 587 1713 Provincia
608 1658 841 1709 Poioniae
869 1654 1096 1713 Majoris
1133 1652 1378 1702 Studium
1417 1655 1682 1704 Generale
1701 1652 1893 1705 Posna-

299 1728 482 1780 niense
521 1726 853 1778 constituitur
883 1722 1063 1788 primae
1103 1719 1292 1771 Ciaffis
1323 1737 1334 1771 z
1376 1721 1440 1771 Et
1482 1724 1533 1772 in
1571 1720 1893 1774 Provincia-2

297 1797 583 1851 Dalmatiae
622 1791 1324 1857 transferturJustinopolim
1342 1789 1580 1856 Jatrense
1607 1789 1852 1842 Studium
1876 1824 1892 1849 ‚

298 1867 351 1921 δεῖ
369 1866 636 1926 Generale
654 1861 890 1917 secundae
914 1858 1103 1914 Claffis
1122 1860 1364 1911 statuitur
1384 1895 1398 1919 ‚
1426 1860 1474 1911 Sc
1497 1860 1821 1911 declaratur.

371 1945 460 2001 67.
534 1938 594 1988 ln
619 1949 936 2000 unoquoque
957 1928 1143 1982 Studio
1167 1929 1417 1981 Generali
1465 1930 1801 1982 collocentur
1826 1927 1892 1979 de

300 2008 506 2059 familia
527 2005 634 2057 duo
653 2003 842 2056 saltem
868 2000 1115 2055 Lectores
1132 1998 1355 2066 Jubilati
1374 2034 1389 2057 ,
1428 2000 1531 2051 five
1559 1998 1625 2051 de
1649 2014 1897 2057 numer0‚

302 2078 407 2128 five
430 2093 535 2128 non
558 2112 575 2137 ,
613 2091 838 2142 quorum
882 2072 1017 2124 alt'er
1057 2068 1593 2134 arbitrioSuperioris
1616 2068 1897 2121 Generalis

302 2145 506 2212 semper
529 2158 620 2198 aut
643 2142 911 2211 praefeffixs
934 2179 950 2205 ‚
987 2149 1078 2193 aut
1103 2139 1276 2190 vicem
1297 2152 1488 2205 gerens
1512 2138 1745 2190 Praefecti
1764 2139 1846 2188 fit.

379 2221 467 2266 63.
543 2216 658 2268 Fiat
695 2216 723 2267 ἐι
765 2206 1224 2265 Reverendiffimo
1258 2210 1413 2261 Patre
1455 2209 1629 2257 nostro
1651 2205 1899 2258 Ministro

307 2285 560 2338 Generali
586 2284 761 2338 tabula
784 2283 1028 2333 omnium
1053 2277 1337 2330 Lectorum
1360 2277 1708 2328 Generalium
1731 2313 1746 2339 ‚
1769 2289 1824 2328 ut
1844 2277 1899 2327 in

307 2355 575 2421 Capitulis
597 2352 949 2408 Generalibus
982 2348 1096 2401 usus
1118 2346 1352 2398 obtinuit
1376 2363 1496 2398 eam
1517 2343 1706 2397 confici
1735 2384 1749 2407 ‚
1789 2347 1902 2412 pos-

308 2426 475 2491 fitquc
498 2442 593 2492 pro
615 2428 711 2476 hac
732 2425 847 2474 vice
866 2421 1099 2473 formare
1119 2412 1283 2482 ipsam
1301 2432 1392 2469 eos
1413 2416 1900 2476 removend0‚con-

309 2494 580 2547 firmando
603 2533 618 2557 ‚
641 2490 1011 2546 transferendo
1030 2523 1047 2551 ,
1068 2485 1392 2540 instituendo
1411 2523 1426 2549 ‚
1463 2498 1619 2553 prout
1643 2486 1899 2538 nimirum

311 2564 572 2618 censuerit
592 2563 840 2631 expedire
873 2599 885 2611 .

384 2642 471 2697 69.
549 2638 817 2688 Statutum
840 2628 1103 2685 Generale
1143 2627 1441 2679 concedens
1462 2627 1702 2680 Patribus
1725 2627 1903 2677 Guar-

310 2704 483 2756 dianis
505 2709 886 2771 praecipuorum
909 2701 1286 2752 Conventuum
1312 2734 1327 2758 ‚
1352 2699 1387 2748 fi
1406 2698 1621 2749 biennio
1641 2697 1899 2748 continuo

314 2775 693 2845 funganturhu
701 2772 928 2836 jusmodi
953 2782 1171 2826 munere
1194 2803 1212 2833 ,
1234 2780 1407 2823 certas
1432 2767 1681 2836 quasdam
1706 2780 1902 2832 praeror

1732 2850 1832 2903 gaf
