2143 3084
371 118 438 165 16

514 182 574 236 Ρ
601 185 637 238 f
644 200 688 237 Υ
703 184 899 255 Joseph
923 175 1096 246 Maria
1119 194 1181 246 ab
1199 186 1409 247 Ebora]

436 258 497 308 In
515 254 803 311 conventu
827 260 1055 315 Paradifi
1076 262 1337 317 Viterbii.

502 331 564 383 P·
593 329 676 380 ΡΥ.
691 328 880 396 joseph
900 330 1076 386 Maria
1112 335 1173 386 ab
1199 333 1391 387 Artio-

502 402 563 453 P.
583 399 664 450 ΡΥ.
691 399 1005 454 Vincentius
1026 403 1300 457 Antonius
1318 403 1384 455 de
1405 396 1732 468 Caprarolai

499 472 561 532 P.
587 470 670 528 ΡΥ.
697 468 946 524 Andreas
964 473 991 526 ὲ
1009 472 1185 526 Furno
1207 472 1434 527 Volasco
1459 507 1473 522 .

642 612 699 659 In
726 608 999 663 Pffovincza
1022 584 1230 665 SUPZV.
1255 609 1525 674 Francisci.

433 755 492 805 In
510 750 796 803 Conventu
813 752 862 804 S.
862 750 1127 803 -Francisci
1141 749 1348 803 Montis
1368 746 1601 801 Perufii

496 822 556 874 Ρ
577 821 662 872 ΡΥ.
686 820 827 888 Hipp
833 818 1035 873 olitus
1018 840 1046 873 a
1067 821 1311 874 Coceto.

490 892 558 944 Ρ.
581 889 665 941 ΡΥ.
691 891 991 944 Franciscus
1010 889 1282 944 Antonius
1300 887 1367 940 de
1391 887 1607 939 Brixia.

496 959 557 1011 P.
582 959 665 1009 ΡΥ.
689 959 980 1011 Mauritius
1002 959 1288 1011 Andreas
1270 976 1300 1009 a
1322 959 1489 1009 Portu
1513 953 1797 1024 Mauritio.

427 1031 490 1081 In
510 1026 798 1078 Conventn
818 1024 1202 1088 S.Hieronymi
1225 1024 1418 1078 Perusii
1438 1060 1455 1072 .

498 1097 555 1149 P.
581 1096 663 1146 ΡΥ.
685 1092 989 1146 Ludovicus
1012 1091 1077 1143 de
1099 1092 1344 1143 Venetiis
1368 1127 1380 1140 .

495 1166 557 1217 P.
576 1165 660 1215 Fr.
682 1162 955 1214 Antonius
975 1159 1155 1213 Maria
1178 1160 1245 1217 de
1267 1159 1584 1213 Mediolano
1605 1196 1620 1210 .

498 1235 558 1287 P.
582 1233 667 1285 Fr.
683 1231 998 1284 Vincentius
1020 1231 1292 1283 Antonius
1316 1231 1381 1282 de
1402 1230 1571 1284 Roma
1593 1266 1608 1281 .

754 1371 813 1422 In
837 1372 1104 1422 “Provincia
1128 1372 1404 1422 Marchiae.

431 1517 494 1569 ln
515 1511 799 1566 Conventu
823 1510 1451 1565 S.F1anc1sc1Anconae.

499 1585 560 1637 P
586 1581 671 1633 ΡΥ.
689 1582 921 1658 Joannes
947 1582 1170 1647 Baptista
1188 1580 1254 1632 de
1274 1572 1573 1633 Alssacina·

498 1653 558 1703 P
580 1650 664 1701 ΡΥ.
688 1648 992 1700 Franciscus
1010 1651 1221 1700 Maiia
1204 1666 1231 1698 a
1259 1649 1510 1700 Pisaur0.

498 1718 558 1770 Ρ.
579 1716 667 1768 ΡΥ.
690 1716 1010 1769 Dominicus
1031 1717 1276 1768 Andreas
1295 1717 1360 1769 de
1380 1716 1639 1769 Ancona·

433 1787 495 1841 In
520 1785 808 1838 Conventu
834 1785 1073 1838 S-Mariae
1098 1787 1266 1838 Novae
1286 1785 1416 1838 Fani
1437 1822 1449 1834 .

496 1856 560 1910 Ρ.
586 1854 675 1907 ΡΥ.
697 1852 1033 1908 Crescentius
1054 1856 1080 1907 iz
1101 1854 1524 1908 Domobasciana
1543 1890 1557 1904 .

499 1925 561 1976 P.
586 1922 671 1974 ΡΥ.
687 1923 875 1992 Joseph
896 1924 1071 1983 Maria
1093 1923 1160 1974 de
1179 1926 1407 1977 Ancona
1428 1959 1440 1972 .

503 1994 562 2046 P.
587 1992 671 2045 Fr.
692 1991 969 2048 Antonitis
993 1991 1169 2045 Maria
1188 1996 1250 2046 ab
1277 1993 1446 2045 Utino
1470 2029 1482 2042 .

782 2134 841 2183 In
865 2135 1133 2185 ‘Provincia
1164 2131 1348 2197 Tusciae
1372 2169 1384 2181 .

429 2269 493 2326 In
511 2269 799 2326 Conventu
821 2275 1085 2328 Omnium
1107 2273 1417 2329 Sandioruni
1439 2272 1736 2325 Florentiae.

497 2342 557 2394 Ρ.
580 2345 664 2394 ΡΥ.
692 2344 937 2396 Thomas
959 2344 1103 2396 Felix
1130 2345 1159 2394 ἐι
1183 2341 1590 2395 Castrofranco.

500 2411 560 2463 P.
582 2413 667 2464 ΡΥ.
694 2412 969 2464 Candidus
990 2412 1055 2463 de
1070 2411 1308 2477 *Pelago

501 2480 558 2533 P
580 2482 664 2532 ΡΥ.
688 2481 931 2548 Angelus
948 2480 1282 2534 Cherubinus
1304 2478 1370 2532 de
1386 2478 1693 2533 Florentia·

430 2548 493 2608 in
513 2548 798 2602 Conventu
820 2550 869 2600 S.
877 2548 1130 2604 Francisci
1156 2547 1346 2601 Lucae.

502 2618 560 2668 Ρ.
587 2620 672 2670 ΡΥ.
700 2619 811 2686 Rap
814 2620 933 2671 nael
955 2636 982 2671 a
1005 2619 1324 2670 BarberinO.

498 2686 566 2737 Ρ.
589 2689 671 2738 ΡΥ.
699 2688 845 2754 Leop
851 2686 1001 2738 oldus
1023 2686 1088 2738 de
1109 2687 1419 2739 Florentia.

497 2754 559 2806 Ρ.
582 2755 665 2809 ΡΥ.
687 2756 1002 2835 Deodatus
984 2772 1011 2809 a
1034 2755 1364 2809 Volateriis.
