2143 3084
1636 134 1702 181 29

184 186 633 256 ‘praefidereuanta
652 184 863 254 Optimi
881 182 1136 254 Principis
1157 186 1577 246 humanitate-‚ac
1605 190 1775 247 maje-

188 261 319 312 state
343 258 512 321 simul,
532 269 589 308 ut
607 268 947 324 erumpentes
968 274 1066 323 prae
1081 255 1283 325 gaudio
1304 257 1572 323 lacrymas
1587 271 1774 309 coram

186 327 497 394 Apostolico
518 327 746 379 Throno
783 328 871 379 vix
910 326 1197 380 revocandi
1235 326 1387 380 nobis
1424 326 1776 392 potestas-fie-

188 409 271 449 ret
290 415 311 450 ,·
351 411 414 446 ne
437 397 544 448 tam
571 396 784 449 illustris
805 393 1046 449 beneficii
1070 397 1334 449 memoria
1372 397 1480 449 ulla
1502 412 1773 459 unquam,

187 479 494 532 temporum
518 466 708 527 injuria
727 502 744 527 ‚
784 477 873 518 aut
895 466 1172 533 asperitate
1190 470 1487 521 nostrorum
1505 466 1777 519 mentibus

188 534 413 587 excedat
438 572 452 597 ,
473 536 744 589 ’Generale
768 535 1081 602 Capitulum
1100 551 1315 606 gratum
1337 539 1576 589 animum
1602 572 1617 597 ‚
1660 545 1779 588 utut

184 621 277 672 per
299 603 700 658 Franciscanam
726 619 1092 672 paupertatem
1108 610 1512 670 licet,ex.hibei·e
1537 608 1777 673 cupiens,

182 688 519 741 proponente
555 675 1014 728 Reverendiffimo
1040 680 1193 731 Patre
1215 677 1464 730 Ministro
1483 675 1735 728 Generali
1755 709 1773 735 ,

179 741 696 811 -approbantibusque
733 744 1056 799 Diffinitorii
1096 749 1337 801 Patribus
1362 744 1577 807 statuit,
1618 758 1775 809 atque

184 811 430 866 decernit
454 849 470 874 ,
489 825 546 866 ut
569 814 762 866 faustus
785 815 876 868 ille
898 815 1012 870 dies
1038 852 1053 877 ,
1090 818 1178 884 qui
1197 829 1348 869 tanta
1372 832 1431 868 ac
1454 816 1565 866 tarn
1584 812 1774 879 infigni

183 882 606 937 Clementiffimi
646 885 903 952 Principis
944 885 1258 953 dignatione
1314 887 1618 940 honestatus
1656 884 1727 935 est
1753 918 1772 942 ,

188 952 331 1004 inter
351 953 600 1015 festivos,
640 954 690 1006 Sc
724 955 824 1008 toti
848 955 1045 1006 Ordini
1070 955 1258 1009 Sacros
1291 951 1559 1023 perpetuis
1582 951 1775 1005 futuris

183 1024 518 1089 temporibus
554 1025 806 1076 habeatur
831 1061 846 1084 ‚
884 1023 1194 1089 singulisque
1233 1029 1385 1077 annis
1432 1021 1628 1074 eodem
1666 1018 1774 1087 Ipso

179 1102 489 1144 recurrente
514 1093 601 1144 die
619 1093 670 1143 in
694 1093 942 1144 omnibus
965 1092 1230 1159 utriusque
1252 1094 1484 1145 Familiae
1510 1090 1770 1144 Conven-

178 1162 318 1213 tibus
342 1179 437 1229 pro
459 1162 697 1228 longseva
719 1161 1065 1227 prosperitate
1089 1162 1395 1214 Sanc‘titatis
1422 1162 1532 1213 Suae
1552 1195 1568 1221 ‚
1611 1171 1770 1226 atque

177 1230 852 1296 inclytaenobiliflimeque
892 1231 1220 1283 suaeDomus
1256 1229 1670 1298 incolumitate,
1713 1238 1774 1281 ac
1841 1247 1845 1249 ·

174 1298 423 1366 sospitate
461 1304 683 1362 Sagram
725 1299 962 1353 solemne
990 1313 1311 1366 peragatur,
1346 1313 1503 1368 atque
1523 1301 1773 1352 omnibus

177 1372 411 1424 universi
433 1370 657 1424 Ordinis
682 1367 949 1435 utriusque
970 1369 1119 1420 sexus
1144 1368 1417 1423 Fratribus
1442 1406 1460 1432 ,
1496 1368 1546 1421 δέ
1567 1368 1779 1422 Sorori-

173 1441 275 1492 bus
294 1439 486 1494 eadem
524 1457 616 1506 pro
638 1455 694 1492 re
719 1440 913 1490 crebrae
940 1438 1004 1491 ad
1033 1439 1212 1491 Deum
1238 1455 1419 1506 preces
1440 1438 1731 1493 fundantur
1756 1477 1771 1492 .

176 1510 266 1563 Ne
287 1522 468 1561 autem
507 1514 617 1562 haec
648 1511 788 1575 grati
813 1509 981 1561 animi
1003 1504 1307 1561 testificatio
1339 1525 1441 1563 vna
1465 1525 1590 1562 cum
1614 1509 1770 1563 vita.)

177 1577 488 1632 Sanffltatis
528 1579 636 1631 Suae
661 1613 679 1638 ‚
715 1594 874 1643 quam
917 1579 1065 1630 Deus
1105 1579 1360 1645 Optimus
1383 1578 1659 1631 Maximus
1700 1578 1772 1631 ad

177 1648 493 1701 Christianae
519 1648 612 1697 Rei
656 1647 837 1697 ublicae
862 1644 1179 1696 felicitatem
1200 1683 1218 1709 ,
1260 1647 1312 1697 &
1335 1645 1516 1698 Nostri
1542 1646 1770 1698 OrdiniS

176 1714 563 1782 compendium
647 1716 696 1765 iu
733 1752 748 1777 ,
811 1713 1151 1778 multumque
1199 1714 1409 1767 servare
1464 1715 1764 1782 dignetur,

177 1785 350 1839 finem
378 1784 589 1852 aspiciat
613 1820 630 1844 ‚
666 1785 818 1840 Idem
854 1781 1168 1849 Capitulum
1189 1783 1456 1836 Generale
1478 1797 1777 1851 proponen-

181 1869 239 1909 te
283 1854 479 1907 eodem
516 1851 977 1907 Reverendiffimo
1018 1853 1272 1906 Generali
1308 1853 1592 1916 Ministr0‚
1649 1867 1774 1920 pro-

83 1981 97 1990 ,
175 1924 522 1990 bantibusque
560 1924 759 1976 eisdem
786 1921 1106 1976 Diffinitorii
1132 1924 1375 1979 Patribus
1399 1963 1417 1988 ,
1460 1925 1672 1986 statuit,
1712 1940 1774 1976 ac

178 1994 441 2057 mandat,
480 2006 536 2046 ut
576 2011 697 2046 cum
739 1993 998 2047 Sanclitas
1019 1992 1118 2046 Sua
1156 1996 1301 2047 viam
1324 1996 1581 2050 universae
1600 1995 1775 2047 carnis

182 2062 439 2133 ingressus
475 2065 735 2117 mortales
767 2063 917 2116 hasce
943 2066 1159 2117 exuvias
1180 2065 1453 2131 reliquerit
1475 2103 1491 2128 ,
1533 2080 1627 2133 pro
1660 2066 1774 2125 ejus

178 2134 395 2189 Animae
420 2135 600 2202 requie
624 2150 813 2186 omnes
838 2169 854 2196 ‚
899 2134 949 2184 8<
979 2132 1166 2204 singuli
1186 2132 1416 2188 universi
1437 2135 1660 2190 Ordinis
1683 2134 1775 2186 Sa-

176 2203 426 2257 cerdotes
442 2217 550 2257 tres
571 2203 755 2258 Miffas
774 2203 1067 2268 celebrent,
1088 2206 1138 2258 ὃ(
1158 2206 1210 2258 in
1230 2204 1444 2273 singulis
1468 2204 1773 2259 Conventi·

177 2273 272 2326 bus
310 2273 560 2328 solemnis
580 2271 740 2329 Miss'a
777 2292 898 2328 cum
935 2274 1145 2341 integro
1165 2273 1554 2328 Defunc‘lorum
1570 2271 1772 2330 Officio

176 2340 496 2396 decantetur
521 2381 535 2395 .
557 2345 759 2397 Clerici
783 2345 988 2405 verm&
1005 2345 1542 2414 Laici,Monialesque
1560 2346 1770 2405 omnes,

180 2426 245 2462 ac
266 2412 546 2479 respective
565 2415 777 2485 singuli,
800 2415 850 2466 δε
871 2415 1076 2482 singulae
1103 2429 1229 2477 treS‚
1254 2428 1307 2468 ut
1329 2418 1497 2477 ajunt,
1524 2417 1770 2468 Coronas

178 2479 238 2531 B.
261 2479 446 2534 Mariae
471 2484 785 2553 Virgini5,&
806 2483 935 2537 duas
957 2486 1222 2539 Stationes
1247 2485 1495 2547 recitent,
1511 2495 1669 2551 atque
1689 2485 1773 2537 in·

179 2547 332 2625 super
349 2587 365 2612 ,
404 2563 461 2606 ut
482 2556 824 2608 monimento
847 2571 1138 2624 numquam
1162 2556 1449 2607 interituro
1471 2557 1604 2607 tanti
1629 2556 1772 2607 Pon-

183 2615 348 2692 trficis
367 2621 638 2677 momoria
660 2627 996 2692 consignetur
1019 2661 1035 2688 ,
1075 2626 1127 2678 in
1149 2626 1396 2678 omnibus
1414 2623 1642 2677 uniuersi
1662 2626 1770 2677 Or·-

183 2683 324 2739 dinis
350 2689 719 2749 Conventibus
744 2699 1003 2762 perpetuo
1040 2711 1134 2763 pro
1155 2695 1334 2748 anima
1370 2696 1481 2754 ejus
1523 2692 1612 2746 fiat
1638 2694 1774 2746 Ani—-

184 2755 480 2817 versarium
504 2797 517 2814 ·
557 2762 622 2818 ld
639 2777 822 2819 autem
844 2766 900 2819 in
917 2782 1103 2818 omnes
1121 2764 1324 2818 tabulas
1346 2764 1569 2819 Ordinis
1593 2763 1778 2816 inscri-

1065 2835 1115 2889 D
1176 2852 1202 2885 2
1624 2835 1671 2885 bi
1692 2867 1710 2896 ,
