2143 3084
189 169 336 222 viros
357 168 646 238 Religiosos
668 171 903 238 apprime
924 171 1114 226 decent
1132 215 1147 239 ,
1186 175 1238 228 Sc
1258 177 1325 232 ad
1349 125 1776 245 populorurr915in-

190 240 528 293 strufiionem
551 273 568 298 ‚
607 237 972 308 Fideliumque
996 244 1338 310 spiritualem
1377 248 1727 301 direftionem
1753 286 1772 311 ‚

196 327 292 363 nec
314 326 414 362 non
437 309 666 377 Ecclefie
688 310 968 379 Catholice
1013 314 1369 370 defenfionem
1390 356 1406 380 ,
1444 335 1504 372 ac
1526 319 1768 387 heresum

193 381 616 432 confutationem
634 380 916 434 neceffaria
938 384 1049 436 sunt
1072 424 1085 435 .
1124 388 1243 454 Hec
1260 390 1405 440 enim
1432 425 1448 450 ,
1487 388 1615 439 dum
1635 389 1767 442 San·-

191 449 274 517 έὶς
293 450 553 501 orationis
571 486 587 509 ,
627 452 675 502 ὃς
701 449 1006 504 devotionis
1032 455 1288 520 Spiritum
1310 460 1522 511 Fratres
1543 475 1649 509 non
1673 474 1772 511 ex-

191 520 458 588 tinguant,
474 519 667 572 nedum
688 537 794 572 non
816 523 842 572 ἐι
861 522 1144 596 Seraphice
1163 528 1366 597 Regule
1389 530 1558 597 nostre
1577 526 1765 579 amussi

185 586 470 641 desciscere
493 589 776 641 noscuntur
799 627 816 651 ,
853 595 974 658 quin
999 595 1172 659 potius
1194 599 1462 650 vocationi
1480 602 1655 665 nostre
1676 611 1769 663 ες-

188 657 318 710 litus
341 658 586 727 inspirate
611 662 818 724 prorsus
855 664 1206 718 consentanea
1227 668 1342 728 jure
1363 668 1642 723 censentur
1662 705 1678 728 ‚
1716 664 1771 716 &

184 725 503 783 necessaria.
542 730 884 796 Qapropter
926 749 988 783 ea
1034 736 1216 787 omnia
1238 773 1254 797 ‚
1292 753 1394 804 que
1426 739 1478 788 in
1501 737 1768 795 Constitu·-

182 797 420 850 tionibus
440 797 666 851 Ordinis
688 801 906 866 provide
951 802 1089 854 circa
1124 803 1426 859 litterarum
1451 807 1618 858 studia
1638 820 1771 857 con·

178 866 438 921 servanda
459 902 475 928 ,
515 869 566 921 &
599 868 969 935 promovenda
1008 871 1261 926 ordinata
1289 874 1441 937 sunt,
1480 875 1616 928 serio
1643 889 1766 942 pre-

182 935 411 1003 cipimus
459 936 527 990 ad
587 952 819 1007 unguem
860 939 1055 992 servari
1095 979 1111 1004 ‚
1162 942 1230 995 de
1287 961 1581 1013 eorumque
1636 942 1767 996 dili-

178 1008 330 1076 genti
368 1006 734 1061 observatione
773 1008 981 1060 summo
1020 1009 1194 1062 studio
1233 1015 1575 1077 curabimuS,
1631 1013 1768 1066 defi·-

176 1076 273 1134 des
296 1115 314 1140 ‚
352 1077 404 1130 &
443 1077 653 1145 ineptos
694 1077 943 1129 alefflura
959 1080 1280 1144 repellentes
1304 1100 1327 1137 3
1362 1083 1675 1151 digniorem,
1715 1083 1768 1135 ὅτ.

177 1147 415 1213 aptiores
453 1147 520 1200 ad
543 1145 836 1214 magisterii
860 1148 1098 1200 lauream
1119 1165 1538 1217 promoventes,
1575 1154 1627 1206 ὃς
1664 1157 1766 1206 ho-

128 1244 131 1247 '
178 1231 341 1271 DOI‘CS
362 1253 376 1268 .

314 1287 433 1340 Nec
459 1286 636 1338 minus
661 1285 894 1338 sedulam
914 1303 1099 1340 curam
1122 1288 1494 1345 adhibebimus
1517 1329 1534 1354 ,
1573 1302 1631 1344 ut
1650 1290 1764 1344 Or-

174 1353 318 1407 dinis
336 1357 520 1410 munia
541 1393 555 1418 ‚
595 1354 907 1421 Dignitates
929 1392 947 1415 ‚
985 1358 1037 1408 &
1055 1359 1304 1413 Honores
1325 1363 1362 1414 ii
1382 1362 1663 1415 dumtaxat
1686 1359 1764 1412 as·

174 1424 457 1489 sequantur
476 1463 493 1488 ,
530 1425 615 1491 qui
640 1423 1041 1494 finffragantibus
1079 1427 1289 1481 meritis
1309 1465 1325 1491 ,
1364 1434 1560 1497 ceteris
1597 1442 1761 1484 ante)

174 1495 330 1559 stare,
350 1513 410 1548 ac
433 1494 557 1547 vere
582 1493 858 1562 digniores
880 1496 1123 1564 legitime
1144 1497 1350 1564 probati
1374 1501 1496 1561 sint,
1518 1501 1568 1551 &
1591 1501 1764 1565 aptio-

177 1581 263 1618 res
279 1603 296 1629 ,
315 1581 502 1617 omnes
520 1564 662 1616 vires
683 1565 917 1617 maxime
938 1566 1209 1633 exerendo
1229 1603 1246 1628 ‚
1285 1581 1341 1620 ut
1364 1570 1458 1622 via.
1470 1571 1759 1623 ambitiofis

175 1636 401 1686 omnino
428 1631 767 1700 precludatur
791 1669 808 1694 ‚
847 1633 959 1686 imo
983 1634 1034 1684 ὃ(
1057 1635 1266 1699 prorsus
1289 1641 1634 1691 exturbentur
1656 1640 1758 1701 illi,

175 1705 265 1770 qui
286 1704 442 1754 instar
460 1701 663 1768 peffimi
684 1701 897 1755 Acham
917 1704 1137 1774 pallium
1160 1705 1402 1771 Hyerico
1417 1707 1757 1775 ftn·antiS‚per

173 1772 506 1842 secularium
529 1770 912 1837 proteffionem
936 1809 951 1834 ‚
991 1773 1042 1824 ὃς
1059 1773 1377 1839 conquisitos
1396 1775 1603 1830 favores
1627 1795 1757 1830 con-

174 1853 256 1896 tra
276 1840 448 1895 sacris
469 1842 617 1909 leges
637 1842 898 1909 subripere
920 1853 1178 1898 conantur
1197 1844 1423 1898 Ordinis
1441 1845 1639 1900 Officia
1660 1887 1677 1911 ,
1703 1849 1754 1900 Sc

170 1913 479 1981 Dignitates
499 1949 512 1971 ‚
533 1911 871 1979 Religionem
893 1911 1136 1965 Sanftam
1159 1912 1411 1967 scandalo
1433 1919 1748 1983 perturbem-

171 1993 254 2035 tes
273 2019 287 2043 ‚
327 2000 386 2035 ac
408 1982 553 2035 nefas
574 1997 831 2050 magnum
873 1983 1125 2037 facientes
1150 1984 1202 2035 in
1221 1983 1378 2037 Israel
1401 2023 1420 2050 ‚
1456 1986 1507 2039 8<
1530 1987 1634 2041 Dei
1654 2004 1751 2056 po-

173 2053 357 2121 pulum
381 2055 726 2105 anathemate
747 2054 1178 2106 contaminantes
1202 2089 1218 2103 .

307 2123 397 2174 Ad
419 2128 515 2191 hec
537 2124 656 2173 cum
683 2122 991 2191 Superiores
1017 2121 1067 2172 in
1087 2122 1271 2187 primis
1296 2140 1517 2180 monere
1552 2125 1753 2181 debea-

164 2208 286 2246 mus
310 2195 390 2244 his
418 2192 601 2244 nostris
632 2192 864 2259 paternis
887 2191 1087 2245 litteris
1116 2228 1132 2254 ‚
1169 2192 1288 2245 sane
1307 2193 1595 2249 salubriora
1621 2214 1753 2250 con-

165 2263 279 2315 filia
301 2263 404 2314 illis
425 2262 554 2314 dare
571 2264 795 2317 minime
817 2262 1060 2316 valemus
1084 2299 1100 2324 ‚
1137 2264 1292 2329 quam
1315 2282 1376 2317 ea
1396 2301 1413 2326 ,
1435 2283 1536 2335 que
1562 2267 1750 2320 Sacro·

164 2331 399 2383 sanetum
425 2332 731 2385 Concilium
751 2332 1136 2389 Tridentinum
1170 2332 1400 2405 Ecclefie
1424 2339 1649 2405 Prelatis
1673 2338 1754 2390 sa·-

168 2401 487 2468 pientiffime
511 2404 734 2468 prestitit
756 2403 889 2468 Cap.
912 2403 1087 2470 primo
1107 2401 1171 2454 de
1191 2404 1573 2460 reformatione
1591 2445 1605 2468 ,
1625 2425 1718 2460 eos
1733 2446 1751 2473 ,

171 2471 431 2523 nimirum
451 2507 467 2532 ‚
509 2473 737 2538 primum
762 2473 1124 2525 admonendo
1160 2486 1215 2526 ut
1239 2473 1296 2538 se
1319 2477 1539 2539 “Pastor-es
1561 2513 1577 2538 ‚
1618 2495 1752 2527 non-2

164 2540 465 2607 percuffores
485 2541 570 2607 effe
594 2548 903 2592 meminerint
923 2580 939 2605 ‚
959 2555 1105 2606 atque
1126 2547 1199 2594 ita
1212 2545 1400 2611 prce-effe
1410 2548 1501 2612 sibi
1524 2549 1751 2597 Staehditis

171 2622 391 2674 oportere
413 2647 429 2674 ‚
465 2623 520 2661 ut
540 2624 787 2677 tamquam
813 2612 946 2673 filios
971 2651 987 2677 ‚
1026 2613 1098 2668 &3⁷
1128 2613 1328 2665 Fratres
1364 2617 1576 2678 diligant
1594 2653 1610 2679 ,
1648 2618 1750 2668 ela·-

170 2678 433 2747 borentque
454 2720 469 2746 ‚
508 2692 562 2730 nt
598 2682 830 2731 hortando
853 2720 869 2747 ‚
907 2685 979 2740 ξς
1023 2685 1245 2734 monendo
1287 2688 1347 2734 ab
1369 2686 1563 2737 illicitis
1585 2690 1748 2738 deten-

164 2763 306 2799 reant
329 2785 346 2813 ,
384 2767 441 2800 ne
463 2753 553 2802 ubi
576 2750 875 2820 deliquerint
900 2789 918 2818 ‚
957 2755 1127 2806 debitis
1143 2772 1212 2805 eos
1227 2762 1376 2822 pomis
1416 2775 1629 2810 coercere
1668 2776 1749 2807 co·-

1544 2843 1678 2892 gan-
