2143 3084
233 201 404 256 afflva
442 215 687 276 voceqpro
707 197 998 265 insequenti
1023 199 1275 270 Capitulo
1298 203 1557 262 destitutis
1579 247 1592 271 ,
1614 164 1819 278 fei-'‘gu-

239 275 504 339 periorem
551 270 876 323 Generalem
926 273 1173 326 omnibus
1202 312 1221 339 ‚
1276 276 1328 327 &
1364 278 1577 347 lingulis
1622 287 1818 337 restitui

238 341 392 408 possit
415 340 625 407 praefata
651 355 790 400 vox,
826 339 897 394 de
941 344 1163 394 consilio
1188 380 1204 406 ,
1244 347 1293 409 ὃς
1328 353 1819 421 contentugravio-

241 429 357 464 rum
376 411 664 463 Provinciae
688 411 908 481 Patrum
925 448 940 473 ‚
981 411 1032 463 in
1056 430 1156 480 qua
1174 427 1299 467 tunc
1317 424 1574 486 temporis
1594 425 1814 477 existere

236 479 443 534 accidet
465 478 719 533 eumdem
740 481 1076 547 Superiorem
1098 485 1456 540 Generalem'.

308 572 332 608 3
349 569 391 607 1,
460 553 719 602 Statuitur
741 551 809 603 de
828 550 1310 608 Concionatoribus
1335 558 1605 613 Catholici
1625 563 1782 633 Regis
1799 605 1814 629 ‚

233 620 372 688 quod
406 619 842 676 concurrentibus
863 623 1258 677 conditionibus
1277 644 1368 693 per
1390 630 1812 686 Constitutiones

229 691 521 744 Generales
537 690 753 761 exigitis
772 728 791 753 ‚
832 709 939 743 non
960 693 1228 761 gaudeant
1251 698 1535 766 pr1vilegio
1557 705 1810 755 Patrunm

228 761 520 816 Provinciae
542 777 605 813 ex
628 762 724 812 illo
746 777 967 817 munere
987 763 1342 818 concionandi
1364 804 1381 828 ,
1420 768 1514 820 nisi
1551 770 1803 824 sexennio

228 830 444 900 integro
469 831 632 896 ipsum
658 848 818 896 opere
840 850 1174 888 exercuerint
1196 874 1212 887 ,.

295 920 321 959 3
337 921 382 952 2.
459 903 518 953 In
541 900 709 952 Causa
735 904 1139 956 Provinciamm
1161 907 1501 975 Angelorum
1520 909 1586 961 de
1611 912 1811 964 Obser-

221 973 406 1024 vantia
433 1009 448 1034 ‚
472 971 519 1023 St
541 971 712 1021 Sancti
730 971 1019 1025 Michaelis
1040 975 1480 1031 Excalceatorum
1502 1019 1520 1042 ‚
1561 994 1676 1033 utra
1715 985 1814 1037 sc}-

221 1038 350 1092 licet
390 1042 582 1092 habeat
621 1041 884 1100 majorem
924 1043 1330 1106 proximitatem
1353 1047 1418 1098 ad
1442 1049 1662 1100 Curiam
1688 1054 1810 1105 Ma-

219 1110 492 1162 tritensem
512 1146 533 1172 ‚
558 1108 607 1158 δέ
627 1124 866 1172 quaenam
888 1123 1168 1177 propterca
1191 1116 1436 1168 vocanda
1458 1119 1518 1169 fit
1539 1120 1608 1171 ad
1632 1123 1810 1176 Gene-

219 1179 357 1231 rales
381 1175 698 1246 Congreffus
718 1178 932 1230 Matriti
954 1182 1224 1234 habendos
1248 1221 1264 1245 ‚
1305 1184 1370 1236 ad
1392 1199 1635 1240 tenorem
1659 1191 1810 1256 Con-

214 1249 546 1300 stitutionum
587 1246 876 1298 viciniores
898 1249 1209 1303 Provincias
1234 1252 1624 1320 designantium
1644 1296 1664 1320 ‚
1704 1265 1805 1314 sta-

211 1317 378 1369 tuitur
423 1313 763 1369 proxinciam
783 1315 1125 1384 ,Angelorum
1151 1326 1603 1377 manutenendam
1626 1328 1726 1383 effe
1747 1334 1800 1383 jn

202 1385 511 1452 poffeffione
535 1420 552 1445 ‚
590 1401 750 1452 quam
787 1384 851 1437 ad
884 1390 1065 1441 vocari
1086 1406 1185 1454 pro
1202 1394 1561 1460 congreffibus
1584 1402 1802 1469 antedi—

201 1456 296 1508 ftis
315 1456 544 1508 obtinuit
563 1454 715 1519 usque
735 1458 833 1506 hile
856 1492 872 1516 ‚
911 1456 1234 1524 interimque
1276 1475 1594 1528 partesante
1617 1470 1798 1523 Gene-

198 1527 310 1578 rale
334 1524 646 1591 Capitulum
670 1525 984 1577 immediate
1020 1528 1259 1581 futurum
1279 1535 1628 1590 ostensionem
1650 1539 1793 1595 face·-

192 1614 249 1649 re
269 1598 506 1664 satagant
524 1593 783 1661 praetensae
802 1597 1026 1657 majoris
1049 1599 1408 1663 proximitatis
1426 1641 1441 1656 .

693 1730 866 1785 PRO
903 1733 1295 1790 GALLIS⁴

270 1895 355 1936 33·
430 1875 570 1929 Cum
603 1869 670 1924 ad
693 1873 941 1926 notitiam
963 1879 1263 1941 pervenerit
1287 1880 1522 1947 Capituli
1544 1888 1782 1946 Genera-

195 1948 261 2000 lis
298 1949 348 1999 in
373 1943 654 1999 Provincia
676 1945 846 1996 Sancti
869 1945 1097 1997 Antonii
1120 1947 1172 1999 in
1203 1948 1447 2005 Arthesia
1468 1956 1682 2011 abusum
1704 1962 1784 2014 in..

193 2014 410 2069 valuiffe
433 2051 453 2077 ‚
484 2013 624 2078 quod
663 2013 862 2066 scilicet
903 2015 1250 2080 Superioriss'ae
1269 2018 1483 2075 suorum
1507 2027 1779 2084 Monaste-

188 2088 394 2139 riorum
417 2087 469 2138 in
491 2081 672 2135 officio
693 2085 798 2136 fine
825 2086 1059 2137 termino
1079 2087 1186 2138 ullo
1208 2092 1582 2147 continuantur
1600 2117 1620 2151 ,·
1660 2102 1774 2154 Sta.

188 2158 288 2209 tuit
312 2155 456 2208 idem
483 2153 792 2218 Capitulum
814 2157 1078 2208 Generale
1100 2195 1116 2218 ‚
1154 2159 1295 2225 quod
1337 2174 1447 2214 tam
1490 2165 1544 2216 in
1568 2183 1775 2224 memo-

191 2240 302 2278 rata
326 2221 608 2277 Provincia
629 2260 645 2285 ,
684 2240 842 2290 quam
881 2227 933 2278 in
958 2228 1205 2279 omnibus
1228 2231 1346 2283 aliis
1364 2233 1589 2298 praefatae
1613 2241 1774 2309 Supe-

191 2291 399 2346 rioriss'ae
434 2293 723 2346 triennales
766 2291 1045 2348 dumtaxat
1070 2294 1198 2358 sint,
1235 2303 1325 2352 aut
1362 2302 1669 2361 sexennales
1702 2313 1771 2365 ad

188 2365 453 2416 summum
475 2363 763 2417 accedente
786 2379 1085 2432 opportuna
1104 2366 1484 2433 dispensatione
1500 2392 1517 2427 ς
1538 2376 1772 2432 ΕΙεᾶῐο-

192 2433 379 2501 nesque
420 2433 649 2500 ipsarum
674 2434 810 2486 ultra
829 2436 1118 2487 triennium
1159 2437 1339 2493 irritas
1363 2479 1380 2504 ‚
1414 2455 1575 2512 atque
1597 2451 1769 2503 nullas

192 2504 430 2555 declarat
452 2501 552 2557 ess'e
580 2503 847 2558 habendas
869 2541 885 2566 ,
923 2505 971 2556 δε
1014 2506 1325 2567 judicandas
1349 2551 1365 2575 ,
1402 2517 1768 2586 mandatun

187 2571 556 2640 Superioribus
584 2611 599 2636 ,
637 2591 863 2641 quorum
886 2577 1119 2629 muneris
1140 2579 1269 2632 illud
1293 2587 1394 2636 erit
1417 2620 1435 2644 ‚
1474 2602 1538 2639 uc
1560 2605 1647 2642 eas
1669 2606 1766 2644 au..

179 2643 353 2709 ‘deant
375 2655 518 2695 ratas
538 2645 734 2698 habere
751 2683 768 2709 ,
804 2643 858 2698 ἓ(
875 2644 1195 2701 confirmare
1218 2687 1231 2702 .

268 2732 350 2777 34.
422 2713 512 2765 Ad
557 2715 989 2780 supplicationem
1015 2721 1303 2774 Provinciae
1322 2724 1572 2779 Turoniae
1593 2730 1766 2784 Picffa-

194 2782 379 2836 vienfis
401 2821 418 2848 ‚
455 2786 684 2854 petentis
726 2787 755 2841 a
789 2788 1038 2909 Generlali
1077 2791 1327 2860 Capitulo
1346 2795 1762 2876 Novitiatuuzn..

971 2885 975 2888 “
1065 2879 1089 2911 2
1595 2884 1700 2922 tm-
