2143 3084
440 104 534 135 102

351 154 659 214 ostendere,
697 152 1016 205 charitatem
1041 152 1311 215 radicare,
1354 149 1567 207 firmare
1603 152 1935 217 societatem,

349 224 705 275 corroborare
730 237 916 289 pacem
941 260 956 284 ‚
983 224 1033 274 δὲ
1051 236 1260 276 mentes
1282 227 1432 277 unire
1456 224 1505 276 in
1532 226 1633 276 Dei
1660 227 1936 292 placitum,

349 294 403 346 ἃ
423 291 838 345 :edificationem
862 292 1130 345 Fidelium
1165 311 1177 345 :
1221 293 1554 362 Proindeque
1597 296 1806 347 Fratres
1829 293 1941 344 Mi-

350 378 508 416 nores
542 375 794 415 tenentur
820 362 1114 430 Religionis
1161 361 1577 416 Praedicatorum
1617 361 1937 434 progrefl'uS,

350 438 688 489 incrementa
711 470 727 494 ‚
766 431 817 483 &
837 434 1099 485 honorem
1125 434 1289 484 verbo
1310 470 1325 496 ,
1367 432 1419 484 8<
1443 449 1601 498 opere
1626 435 1934 493 sollicitare,

352 504 495 573 quasi
523 503 733 568 utrique
752 501 1021 571 Religioni
1041 505 1153 564 jure
1174 500 1523 554 fraternitatis
1544 505 1869 555 communia.

429 576 513 623 18.
588 572 655 623 Et
700 587 764 623 ne
802 587 865 623 ex
888 583 1039 638 parte
1078 574 1252 625 nostra
1290 571 1398 623 ulla
1422 570 1645 632 cujusvis
1668 570 1940 625 discordiae

355 642 557 694 occasio
600 641 791 702 detur,
826 642 1168 708 praecipimus¹
1192 641 1439 704 omnibus
1475 640 1746 694 Fratribus
1783 638 1942 692 nostri

356 711 581 767 Ordinis
602 711 688 763 sub
708 728 867 779 poena
886 712 1200 777 privationis
1227 710 1549 764 officiorum
1574 749 1590 774 ‚
1633 711 1684 762 &L
1703 709 1822 763 aliis
1844 712 1941 761 Su-

355 780 627 850 periorum
655 782 877 833 arbitrio
903 780 1212 849 inffigendis
1236 817 1252 842 ,
1291 781 1354 831 ne
1377 778 1626 847 deinceps
1661 782 1710 831 in
1732 791 1950 830 contro·-

353 853 535 905 verfiis
556 850 889 903 Scholasticis
911 852 1073 901 verbo
1097 886 1114 910 ,
1154 863 1244 902 aut
1271 849 1461 915 scripto
1481 852 1659 902 minus
1703 865 1958 901 reveren*

354 936 438 975 ter
463 933 646 973 taxent
668 919 811 972 notis
832 957 848 981 ‚
887 917 1114 971 censuris
1138 954 1156 979 ‚
1193 930 1283 971 aut
1309 919 1812 988 exaggerationibus
1835 918 1949 985 opi-

355 992 544 1044 niones
567 993 596 1043 a
619 986 949 1043 Thomistica
969 987 1161 1040 Schola
1181 991 1543 1040 communiter
1569 987 1771 1041 secutas
1793 1024 1809 1048 ‚
1850 1003 1948 1039 nec

355 1060 516 1115 alicui
545 1061 758 1111 illarum
784 1070 967 1110 notam
1012 1058 1178 1110 ullam
1203 1059 1538 1125 impingants
1575 1075 1700 1111 nam
1740 1059 1947 1110 multo-

355 1132 459 1185 ties
483 1128 733 1181 inimicus
762 1126 898 1179 ludit
937 1127 1248 1179 Scholarum
1272 1127 1413 1178 ludis
1454 1127 1509 1178 in
1544 1127 1946 1192 praejudicium,

356 1203 598 1254 fraternae
628 1197 934 1250 societatis,·
977 1198 1192 1265 negotia
1212 1213 1440 1261 namque
1482 1199 1802 1250 Scholastica
1841 1212 1950 1248 non

357 1272 475 1323 sunt
513 1267 784 1319 tracianda
818 1266 1213 1332 exasperatione
1248 1267 1481 1330 puerili,
1545 1266 1631 1318 sed
1671 1266 1948 1320 candore,
2010 1272 2015 1274 ’

358 1336 559 1399 mentis
596 1353 718 1389 cum
760 1334 1015 1389 modestia
1052 1335 1336 1387 verborum
1361 1365 1379 1396 ,
1428 1334 1480 1386 Sc
1517 1335 1948 1403 ponde1·atione.›
1983 1341 1987 1343 ’

361 1407 640 1463 rationum
665 1443 678 1456 .

438 1497 519 1541 19.
590 1476 642 1526 Si
665 1488 844 1526 autem
869 1474 1056 1541 aliquis
1080 1474 1262 1525 Frater
1306 1475 1462 1526 nostri
1502 1473 1724 1528 Ordinis
1766 1470 1948 1540 (quod
1982 1479 1984 1485 ’

359 1550 505 1602 Deus
533 1557 735 1596 avertat
759 1550 777 1603 )
815 1557 1044 1597 tentaret
1069 1542 1289 1593 scribere
1313 1579 1328 1603 ‚
1369 1556 1456 1595 aut
1488 1545 1835 1609 loquicontra
1855 1545 1951 1602 Saf-

361 1634 512 1670 crum
531 1614 794 1665 Ordinem
826 1612 1237 1664 Praedicatorum
1258 1647 1274 1671 ,
1314 1623 1404 1662 aut
1427 1613 1565 1665 inter
1583 1629 1706 1664 eum
1725 1648 1740 1675 ‚
1780 1612 1830 1664 δι’
1851 1625 1955 1663 no·-

361 1691 523 1739 strum
561 1683 815 1734 zizaniam
843 1721 856 1743 ‚
896 1694 984 1734 aut
1023 1678 1345 1732 discordiam
1388 1680 1714 1746 seminaret,
1754 1682 1808 1732 in
1835 1681 1950 1733 eas-

360 1757 487 1810 dem
511 1767 691 1819 poenas
711 1751 980 1804 censeatur
1003 1748 1232 1802 incursus
1256 1787 1271 1811 ‚
1311 1768 1418 1817 quae
1438 1750 1493 1801 in
1517 1754 1704 1804 nostris
1727 1753 1949 1804 Statutis

360 1835 551 1877 contra
571 1823 870 1873 turbatores
887 1817 1031 1890 pacis
1052 1857 1068 1883 ‚
1102 1819 1154 1871 δε
1176 1818 1522 1874 infamatores
1546 1823 1702 1874 nostri
1723 1820 1949 1874 Ordinis

363 1895 668 1949 sanciuntur
694 1927 708 1940 .

437 1968 521 2014 2'0.
595 1960 890 2024 Statuitur,
923 1971 978 2012 ut
1004 1958 1248 2026 quaelibet
1272 1959 1553 2012 Provincia
1575 1959 1958 2027 deputetReII·

365 2036 569 2105 giosum
594 2047 840 2097 capacem
867 2067 882 2092 ,
922 2030 1009 2098 qui
1044 2040 1329 2101 componat
1377 2029 1704 2084 Chronicam
1734 2030 1957 2097 propriae

366 2103 658 2158 Provinciae
686 2137 698 2149 .

444 2192 467 2223 2
484 2192 499 2222 1
515 2210 526 2221 .
602 2171 866 2236 Deinceps
885 2167 1091 2220 nullum
1112 2183 1238 2231 opus
1255 2167 1426 2234 Typis
1447 2168 1732 2221 mandetur
1758 2170 1822 2222 ab
1842 2168 1954 2220 ullo

368 2240 637 2309 Religioso
659 2241 745 2292 nifi
772 2239 996 2301 revisum
1031 2237 1097 2288 de
1117 2236 1336 2296 licentia
1357 2240 1649 2304 Superioris
1668 2238 1950 2300 Generalis

367 2325 482 2364 tum
507 2311 593 2362 sub
617 2305 850 2374 expreffo
874 2308 1088 2361 nomine
1110 2343 1125 2368 ‚
1165 2322 1287 2357 cum
1306 2310 1473 2358 etian]
1497 2308 1584 2359 sub
1603 2309 1820 2361 nomine
1842 2308 1956 2374 pal-

366 2383 502 2433 liato
524 2380 799 2445 subpoenis
823 2376 1019 2430 taxatis
1060 2392 1149 2443 per
1169 2377 1374 2431 Statura
1396 2380 1704 2444 generalia,
1749 2378 1800 2430 ὃ(
1835 2375 1957 2430 aliis

371 2451 711 2515 Superiorum
737 2449 954 2499 arbjtrio
979 2485 992 2496 .

445 2538 528 2571 22.
604 2517 875 2583 Qioniam
921 2513 1145 2568 invaluit
1194 2515 1327 2582 apud
1376 2533 1481 2567 non
1521 2517 1644 2569 satis
1677 2528 1952 2581 compotes

373 2589 534 2639 status
560 2589 717 2638 nostri
743 2624 757 2647 ,
784 2587 922 2653 quod
953 2586 1226 2652 Religiosi,
1268 2586 1352 2651 qui
1375 2585 1689 2651 profitentur
1723 2586 1955 2652 Regula-

374 2671 490 2706 rem
536 2656 942 2708 Observantjam
982 2658 1031 2707 S.
1054 2656 1109 2706 P.
1135 2655 1205 2706 N.
1230 2655 1515 2717 Francisci‚
1552 2658 1618 2706 ob
1659 2655 1957 2721 aequivoca-

382 2727 587 2777 tionem
611 2741 673 2778 ex
697 2726 966 2779 vocabulis
991 2725 1120 2783 oriri
1141 2736 1319 2777 natam
1343 2760 1360 2787 ‚
1398 2726 1730 2793 appellentur
1754 2725 1958 2776 ctiam.»

1083 2818 1090 2821 -
1825 2807 1881 2843 in
