<?xml version="1.0" encoding="UTF-8"?>
<!DOCTYPE html PUBLIC "-//W3C//DTD XHTML 1.0 Transitional//EN"
    "http://www.w3.org/TR/xhtml1/DTD/xhtml1-transitional.dtd">
<html xmlns="http://www.w3.org/1999/xhtml" xml:lang="en" lang="en">
 <head>
  <title>
</title>
<meta http-equiv="Content-Type" content="text/html;charset=utf-8" />
  <meta name='ocr-system' content='tesseract 3.04.00' />
  <meta name='ocr-capabilities' content='ocr_page ocr_carea ocr_par ocr_line ocrx_word'/>
</head>
<body>
  <div class='ocr_page' id='page_1' title='image "./capitulumgeneral00fran_0062.png"; bbox 0 0 2143 3084; ppageno 0'>
   <div class='ocr_carea' id='block_1_1' title="bbox 367 194 1981 2903">
    <p class='ocr_par' dir='ltr' id='par_1_1' title="bbox 367 194 1961 745">
     <span class='ocr_line' id='line_1_1' title="bbox 367 194 1959 267; baseline 0.001 -11"><span class='ocrx_word' id='word_1_1' title='bbox 367 204 499 255; x_wconf 79' lang='lat' dir='ltr'>finio</span> <span class='ocrx_word' id='word_1_2' title='bbox 516 194 890 267; x_wconf 75' lang='lat' dir='ltr'>praetendentis</span> <span class='ocrx_word' id='word_1_3' title='bbox 911 195 1100 252; x_wconf 68' lang='lat' dir='ltr'>titulos</span> <span class='ocrx_word' id='word_1_4' title='bbox 1119 199 1414 255; x_wconf 86' lang='lat' dir='ltr'>admodum</span> <span class='ocrx_word' id='word_1_5' title='bbox 1435 198 1758 264; x_wconf 78' lang='lat' dir='ltr'>Reverendi,</span> <span class='ocrx_word' id='word_1_6' title='bbox 1785 200 1836 255; x_wconf 65' lang='lat' dir='ltr'>Sc</span> <span class='ocrx_word' id='word_1_7' title='bbox 1856 197 1959 257; x_wconf 58' lang='lat' dir='ltr'>Le-‘</span> 
     </span>
     <span class='ocr_line' id='line_1_2' title="bbox 368 268 1959 336; baseline 0.002 -11"><span class='ocrx_word' id='word_1_8' title='bbox 368 270 530 325; x_wconf 68' lang='lat' dir='ltr'>&amp;oris</span> <span class='ocrx_word' id='word_1_9' title='bbox 550 268 767 322; x_wconf 81' lang='lat' dir='ltr'>Arabici</span> <span class='ocrx_word' id='word_1_10' title='bbox 801 269 1021 336; x_wconf 80' lang='lat' dir='ltr'>Jubilati</span> <span class='ocrx_word' id='word_1_11' title='bbox 1041 305 1057 331; x_wconf 90' lang='lat'><strong>,</strong></span> <span class='ocrx_word' id='word_1_12' title='bbox 1098 285 1191 323; x_wconf 89' lang='lat' dir='ltr'>nec</span> <span class='ocrx_word' id='word_1_13' title='bbox 1214 288 1319 324; x_wconf 88' lang='lat' dir='ltr'>non</span> <span class='ocrx_word' id='word_1_14' title='bbox 1358 272 1769 336; x_wconf 80' lang='lat' dir='ltr'>praecedentiam</span> <span class='ocrx_word' id='word_1_15' title='bbox 1810 273 1959 332; x_wconf 66' lang='lat' dir='ltr'>supra</span> 
     </span>
     <span class='ocr_line' id='line_1_3' title="bbox 371 340 1956 408; baseline -0.001 -11"><span class='ocrx_word' id='word_1_16' title='bbox 371 341 621 397; x_wconf 64' lang='lat' dir='ltr'>Lestores</span> <span class='ocrx_word' id='word_1_17' title='bbox 663 340 729 390; x_wconf 86' lang='lat' dir='ltr'>de</span> <span class='ocrx_word' id='word_1_18' title='bbox 764 355 869 391; x_wconf 86' lang='lat' dir='ltr'>non</span> <span class='ocrx_word' id='word_1_19' title='bbox 907 342 1413 408; x_wconf 85' lang='lat' dir='ltr'>nnmeroJubilatos</span> <span class='ocrx_word' id='word_1_20' title='bbox 1436 377 1451 402; x_wconf 84' lang='lat'>,</span> <span class='ocrx_word' id='word_1_21' title='bbox 1492 345 1699 396; x_wconf 84' lang='lat' dir='ltr'>ratione</span> <span class='ocrx_word' id='word_1_22' title='bbox 1736 343 1829 394; x_wconf 82' lang='lat' dir='ltr'>suae</span> <span class='ocrx_word' id='word_1_23' title='bbox 1853 344 1956 396; x_wconf 83' lang='lat' dir='ltr'>Le·</span> 
     </span>
     <span class='ocr_line' id='line_1_4' title="bbox 368 407 1960 477; baseline 0 -12"><span class='ocrx_word' id='word_1_24' title='bbox 368 412 525 465; x_wconf 67' lang='lat' dir='ltr'>&amp;urae</span> <span class='ocrx_word' id='word_1_25' title='bbox 548 407 789 463; x_wconf 74' lang='lat' dir='ltr'>Arabicae</span> <span class='ocrx_word' id='word_1_26' title='bbox 829 446 844 471; x_wconf 87' lang='lat'>‚</span> <span class='ocrx_word' id='word_1_27' title='bbox 883 409 1227 474; x_wconf 76' lang='lat' dir='ltr'>exercitiique</span> <span class='ocrx_word' id='word_1_28' title='bbox 1268 411 1559 477; x_wconf 86' lang='lat' dir='ltr'>Apostolici</span> <span class='ocrx_word' id='word_1_29' title='bbox 1592 412 1960 465; x_wconf 80' lang='lat' dir='ltr'>Miffionaria-</span> 
     </span>
     <span class='ocr_line' id='line_1_5' title="bbox 371 479 1960 545; baseline 0.001 -11"><span class='ocrx_word' id='word_1_30' title='bbox 371 493 460 534; x_wconf 83' lang='lat' dir='ltr'>tus</span> <span class='ocrx_word' id='word_1_31' title='bbox 498 500 519 537; x_wconf 72' lang='lat'>5</span> <span class='ocrx_word' id='word_1_32' title='bbox 569 480 876 533; x_wconf 80' lang='lat' dir='ltr'><strong>decernitur</strong></span> <span class='ocrx_word' id='word_1_33' title='bbox 913 479 1147 545; x_wconf 89' lang='lat' dir='ltr'>primum</span> <span class='ocrx_word' id='word_1_34' title='bbox 1199 481 1419 533; x_wconf 86' lang='lat' dir='ltr'>titulum</span> <span class='ocrx_word' id='word_1_35' title='bbox 1471 496 1578 532; x_wconf 89' lang='lat' dir='ltr'>non</span> <span class='ocrx_word' id='word_1_36' title='bbox 1632 484 1960 536; x_wconf 56' lang='lat' dir='ltr'>convenire)</span> 
     </span>
     <span class='ocr_line' id='line_1_6' title="bbox 371 547 1959 618; baseline 0 -14"><span class='ocrx_word' id='word_1_37' title='bbox 371 553 461 618; x_wconf 85' lang='lat' dir='ltr'>ipfi</span> <span class='ocrx_word' id='word_1_38' title='bbox 483 587 499 614; x_wconf 89' lang='lat'>‚</span> <span class='ocrx_word' id='word_1_39' title='bbox 538 547 824 604; x_wconf 85' lang='lat' dir='ltr'>secundum</span> <span class='ocrx_word' id='word_1_40' title='bbox 850 565 956 600; x_wconf 90' lang='lat' dir='ltr'>non</span> <span class='ocrx_word' id='word_1_41' title='bbox 978 547 1079 601; x_wconf 86' lang='lat' dir='ltr'>effe</span> <span class='ocrx_word' id='word_1_42' title='bbox 1100 550 1153 600; x_wconf 91' lang='lat' dir='ltr'>in</span> <span class='ocrx_word' id='word_1_43' title='bbox 1184 548 1394 603; x_wconf 82' lang='lat' dir='ltr'><strong>Ordine</strong></span> <span class='ocrx_word' id='word_1_44' title='bbox 1440 552 1689 603; x_wconf 77' lang='lat' dir='ltr'>usitatum</span> <span class='ocrx_word' id='word_1_45' title='bbox 1712 590 1729 614; x_wconf 87' lang='lat'>‚</span> <span class='ocrx_word' id='word_1_46' title='bbox 1768 552 1820 604; x_wconf 64' lang='grc' dir='ltr'>ὃς</span> <span class='ocrx_word' id='word_1_47' title='bbox 1861 570 1959 604; x_wconf 89' lang='lat' dir='ltr'>an-</span> 
     </span>
     <span class='ocr_line' id='line_1_7' title="bbox 371 617 1961 687; baseline 0 -13"><span class='ocrx_word' id='word_1_48' title='bbox 371 623 688 674; x_wconf 89' lang='lat' dir='ltr'>telationem</span> <span class='ocrx_word' id='word_1_49' title='bbox 725 617 872 685; x_wconf 88' lang='lat' dir='ltr'>supra</span> <span class='ocrx_word' id='word_1_50' title='bbox 913 619 1161 671; x_wconf 53' lang='lat' dir='ltr'>Lec‘tores</span> <span class='ocrx_word' id='word_1_51' title='bbox 1202 620 1478 687; x_wconf 60' lang='lat' dir='ltr'>praedistos</span> <span class='ocrx_word' id='word_1_52' title='bbox 1534 638 1642 673; x_wconf 90' lang='lat' dir='ltr'>non</span> <span class='ocrx_word' id='word_1_53' title='bbox 1682 621 1961 674; x_wconf 73' lang='lat' dir='ltr'>debitam...</span> 
     </span>
     <span class='ocr_line' id='line_1_8' title="bbox 378 688 584 745; baseline -0.015 0"><span class='ocrx_word' id='word_1_54' title='bbox 378 692 427 745; x_wconf 85' lang='lat' dir='ltr'>ei</span> <span class='ocrx_word' id='word_1_55' title='bbox 444 688 545 745; x_wconf 81' lang='lat' dir='ltr'>effe</span> <span class='ocrx_word' id='word_1_56' title='bbox 568 728 584 742; x_wconf 89' lang='lat'><strong>.</strong></span> 
     </span>
    </p>

    <p class='ocr_par' dir='ltr' id='par_1_2' title="bbox 369 759 1964 1104">
     <span class='ocr_line' id='line_1_9' title="bbox 444 759 1956 814; baseline -0.001 -3"><span class='ocrx_word' id='word_1_57' title='bbox 444 766 529 812; x_wconf 84' lang='lat'>86.</span> <span class='ocrx_word' id='word_1_58' title='bbox 605 761 751 814; x_wconf 85' lang='lat' dir='ltr'>Dum</span> <span class='ocrx_word' id='word_1_59' title='bbox 777 759 1045 811; x_wconf 89' lang='lat' dir='ltr'>Alumnns</span> <span class='ocrx_word' id='word_1_60' title='bbox 1073 761 1224 813; x_wconf 87' lang='lat' dir='ltr'>unius</span> <span class='ocrx_word' id='word_1_61' title='bbox 1248 761 1536 813; x_wconf 86' lang='lat' dir='ltr'>Provinciae</span> <span class='ocrx_word' id='word_1_62' title='bbox 1580 762 1630 813; x_wconf 91' lang='lat' dir='ltr'>in</span> <span class='ocrx_word' id='word_1_63' title='bbox 1653 761 1956 814; x_wconf 84' lang='lat' dir='ltr'>carceribus</span> 
     </span>
     <span class='ocr_line' id='line_1_10' title="bbox 371 829 1960 892; baseline -0.004 -6"><span class='ocrx_word' id='word_1_64' title='bbox 371 832 592 886; x_wconf 85' lang='lat' dir='ltr'>alterius</span> <span class='ocrx_word' id='word_1_65' title='bbox 613 829 903 882; x_wconf 80' lang='lat' dir='ltr'>Provinciae</span> <span class='ocrx_word' id='word_1_66' title='bbox 927 829 1202 881; x_wconf 83' lang='lat' dir='ltr'>detinetur</span> <span class='ocrx_word' id='word_1_67' title='bbox 1220 868 1235 892; x_wconf 89' lang='lat'>‚</span> <span class='ocrx_word' id='word_1_68' title='bbox 1258 842 1505 883; x_wconf 88' lang='lat' dir='ltr'>teneatur</span> <span class='ocrx_word' id='word_1_69' title='bbox 1526 832 1810 884; x_wconf 85' lang='lat' dir='ltr'>Provincia</span> <span class='ocrx_word' id='word_1_70' title='bbox 1830 867 1844 891; x_wconf 90' lang='lat'>‚</span> <span class='ocrx_word' id='word_1_71' title='bbox 1868 846 1960 880; x_wconf 88' lang='lat' dir='ltr'>cu-</span> 
     </span>
     <span class='ocr_line' id='line_1_11' title="bbox 369 898 1962 968; baseline -0.003 -14"><span class='ocrx_word' id='word_1_72' title='bbox 369 904 451 964; x_wconf 84' lang='lat' dir='ltr'>jus</span> <span class='ocrx_word' id='word_1_73' title='bbox 469 901 740 953; x_wconf 87' lang='lat' dir='ltr'>Alumnus</span> <span class='ocrx_word' id='word_1_74' title='bbox 765 899 836 950; x_wconf 89' lang='lat' dir='ltr'>est</span> <span class='ocrx_word' id='word_1_75' title='bbox 860 934 877 960; x_wconf 85' lang='lat'><strong><em>,</em></strong></span> <span class='ocrx_word' id='word_1_76' title='bbox 917 910 997 950; x_wconf 91' lang='lat' dir='ltr'>tot</span> <span class='ocrx_word' id='word_1_77' title='bbox 1035 900 1194 952; x_wconf 84' lang='lat' dir='ltr'>Sacra</span> <span class='ocrx_word' id='word_1_78' title='bbox 1227 902 1405 968; x_wconf 81' lang='lat' dir='ltr'>legere</span> <span class='ocrx_word' id='word_1_79' title='bbox 1450 901 1502 951; x_wconf 77' lang='lat' dir='ltr'>in</span> <span class='ocrx_word' id='word_1_80' title='bbox 1541 901 1792 953; x_wconf 86' lang='lat' dir='ltr'>levamen</span> <span class='ocrx_word' id='word_1_81' title='bbox 1811 898 1962 950; x_wconf 92' lang='lat' dir='ltr'>Con-</span> 
     </span>
     <span class='ocr_line' id='line_1_12' title="bbox 375 967 1964 1036; baseline -0.005 -11"><span class='ocrx_word' id='word_1_82' title='bbox 375 981 567 1025; x_wconf 86' lang='lat' dir='ltr'>ventus</span> <span class='ocrx_word' id='word_1_83' title='bbox 589 1006 605 1032; x_wconf 89' lang='lat'>,</span> <span class='ocrx_word' id='word_1_84' title='bbox 643 969 695 1020; x_wconf 90' lang='lat' dir='ltr'>in</span> <span class='ocrx_word' id='word_1_85' title='bbox 741 970 887 1029; x_wconf 80' lang='lat' dir='ltr'>cujus</span> <span class='ocrx_word' id='word_1_86' title='bbox 926 969 1224 1020; x_wconf 84' lang='lat' dir='ltr'>carceribus</span> <span class='ocrx_word' id='word_1_87' title='bbox 1262 967 1588 1030; x_wconf 85' lang='lat' dir='ltr'>custoditur,</span> <span class='ocrx_word' id='word_1_88' title='bbox 1634 980 1763 1036; x_wconf 86' lang='lat' dir='ltr'>quot</span> <span class='ocrx_word' id='word_1_89' title='bbox 1806 976 1964 1020; x_wconf 83' lang='lat' dir='ltr'>erunt</span> 
     </span>
     <span class='ocr_line' id='line_1_13' title="bbox 374 1036 1693 1104; baseline -0.002 -11"><span class='ocrx_word' id='word_1_90' title='bbox 374 1041 490 1094; x_wconf 89' lang='lat' dir='ltr'>dies</span> <span class='ocrx_word' id='word_1_91' title='bbox 509 1037 841 1093; x_wconf 86' lang='lat' dir='ltr'>detentionis</span> <span class='ocrx_word' id='word_1_92' title='bbox 860 1036 1006 1089; x_wconf 87' lang='lat' dir='ltr'>illius</span> <span class='ocrx_word' id='word_1_93' title='bbox 1031 1074 1047 1098; x_wconf 93' lang='lat'>‚</span> <span class='ocrx_word' id='word_1_94' title='bbox 1087 1048 1244 1104; x_wconf 87' lang='lat' dir='ltr'>atque</span> <span class='ocrx_word' id='word_1_95' title='bbox 1264 1036 1656 1091; x_wconf 84' lang='lat' dir='ltr'>sustentationis</span> <span class='ocrx_word' id='word_1_96' title='bbox 1680 1076 1693 1089; x_wconf 91' lang='lat'><strong>.</strong></span> 
     </span>
    </p>

    <p class='ocr_par' dir='ltr' id='par_1_3' title="bbox 376 1105 1969 1584">
     <span class='ocr_line' id='line_1_14' title="bbox 446 1105 1962 1174; baseline -0.003 -12"><span class='ocrx_word' id='word_1_97' title='bbox 446 1117 531 1174; x_wconf 91' lang='lat'>87.</span> <span class='ocrx_word' id='word_1_98' title='bbox 609 1105 696 1159; x_wconf 83' lang='lat' dir='ltr'>Ad</span> <span class='ocrx_word' id='word_1_99' title='bbox 718 1106 1134 1159; x_wconf 88' lang='lat' dir='ltr'>subveniendum</span> <span class='ocrx_word' id='word_1_100' title='bbox 1175 1107 1466 1159; x_wconf 81' lang='lat' dir='ltr'>Provinciae</span> <span class='ocrx_word' id='word_1_101' title='bbox 1489 1108 1728 1160; x_wconf 85' lang='lat' dir='ltr'>Albaniae</span> <span class='ocrx_word' id='word_1_102' title='bbox 1753 1123 1848 1174; x_wconf 91' lang='lat' dir='ltr'>pro</span> <span class='ocrx_word' id='word_1_103' title='bbox 1869 1122 1962 1158; x_wconf 57' lang='lat' dir='ltr'>neae</span> 
     </span>
     <span class='ocr_line' id='line_1_15' title="bbox 376 1176 1961 1242; baseline -0.006 -7"><span class='ocrx_word' id='word_1_104' title='bbox 376 1177 608 1236; x_wconf 62' lang='lat' dir='ltr'>cefl&#39;ariis</span> <span class='ocrx_word' id='word_1_105' title='bbox 630 1176 960 1228; x_wconf 82' lang='lat' dir='ltr'>indumentis</span> <span class='ocrx_word' id='word_1_106' title='bbox 984 1212 1001 1236; x_wconf 89' lang='lat'>‚</span> <span class='ocrx_word' id='word_1_107' title='bbox 1037 1177 1291 1228; x_wconf 83' lang='lat' dir='ltr'>statutum</span> <span class='ocrx_word' id='word_1_108' title='bbox 1309 1176 1406 1228; x_wconf 72' lang='lat' dir='ltr'>fu³t</span> <span class='ocrx_word' id='word_1_109' title='bbox 1427 1213 1442 1238; x_wconf 90' lang='lat'>‚</span> <span class='ocrx_word' id='word_1_110' title='bbox 1464 1190 1520 1231; x_wconf 90' lang='lat' dir='ltr'>ut</span> <span class='ocrx_word' id='word_1_111' title='bbox 1542 1178 1811 1230; x_wconf 85' lang='lat' dir='ltr'>solvantur</span> <span class='ocrx_word' id='word_1_112' title='bbox 1831 1186 1961 1242; x_wconf 91' lang='lat' dir='ltr'>quot</span> 
     </span>
     <span class='ocr_line' id='line_1_16' title="bbox 378 1244 1966 1311; baseline -0.006 -7"><span class='ocrx_word' id='word_1_113' title='bbox 378 1250 530 1305; x_wconf 86' lang='lat' dir='ltr'>annis</span> <span class='ocrx_word' id='word_1_114' title='bbox 549 1250 602 1300; x_wconf 91' lang='lat' dir='ltr'>in</span> <span class='ocrx_word' id='word_1_115' title='bbox 627 1247 867 1298; x_wconf 85' lang='lat' dir='ltr'>favorem</span> <span class='ocrx_word' id='word_1_116' title='bbox 894 1245 1044 1311; x_wconf 82' lang='lat' dir='ltr'>ipsius</span> <span class='ocrx_word' id='word_1_117' title='bbox 1065 1257 1282 1297; x_wconf 88' lang='lat' dir='ltr'>centum</span> <span class='ocrx_word' id='word_1_118' title='bbox 1307 1247 1476 1308; x_wconf 89' lang='lat' dir='ltr'>aurei,</span> <span class='ocrx_word' id='word_1_119' title='bbox 1498 1249 1524 1299; x_wconf 73' lang='lat' dir='ltr'>a</span> <span class='ocrx_word' id='word_1_120' title='bbox 1545 1248 1762 1311; x_wconf 81' lang='lat' dir='ltr'>reliquis</span> <span class='ocrx_word' id='word_1_121' title='bbox 1787 1244 1966 1297; x_wconf 91' lang='lat' dir='ltr'>obser-</span> 
     </span>
     <span class='ocr_line' id='line_1_17' title="bbox 379 1313 1963 1383; baseline -0.006 -9"><span class='ocrx_word' id='word_1_122' title='bbox 379 1321 575 1375; x_wconf 82' lang='lat' dir='ltr'>vantiae</span> <span class='ocrx_word' id='word_1_123' title='bbox 597 1315 889 1370; x_wconf 87' lang='lat' dir='ltr'>Provinciis</span> <span class='ocrx_word' id='word_1_124' title='bbox 926 1331 1020 1378; x_wconf 86' lang='lat' dir='ltr'>pro</span> <span class='ocrx_word' id='word_1_125' title='bbox 1060 1327 1174 1366; x_wconf 86' lang='lat' dir='ltr'>rata</span> <span class='ocrx_word' id='word_1_126' title='bbox 1221 1316 1685 1377; x_wconf 73' lang='lat' dir='ltr'>sumenistrancli,</span> <span class='ocrx_word' id='word_1_127' title='bbox 1725 1328 1882 1383; x_wconf 85' lang='lat' dir='ltr'>atque</span> <span class='ocrx_word' id='word_1_128' title='bbox 1907 1313 1963 1364; x_wconf 91' lang='lat' dir='ltr'>hi</span> 
     </span>
     <span class='ocr_line' id='line_1_18' title="bbox 380 1382 1967 1457; baseline -0.007 -13"><span class='ocrx_word' id='word_1_129' title='bbox 380 1392 704 1457; x_wconf 84' lang='lat' dir='ltr'>colligentur</span> <span class='ocrx_word' id='word_1_130' title='bbox 725 1397 879 1451; x_wconf 88' lang='lat' dir='ltr'>prout</span> <span class='ocrx_word' id='word_1_131' title='bbox 899 1384 1207 1450; x_wconf 87' lang='lat' dir='ltr'>disposuerit</span> <span class='ocrx_word' id='word_1_132' title='bbox 1227 1386 1477 1451; x_wconf 87' lang='lat' dir='ltr'>Superior</span> <span class='ocrx_word' id='word_1_133' title='bbox 1498 1386 1798 1448; x_wconf 86' lang='lat' dir='ltr'>Generalis,</span> <span class='ocrx_word' id='word_1_134' title='bbox 1822 1385 1873 1435; x_wconf 72' lang='lat'>8&lt;</span> <span class='ocrx_word' id='word_1_135' title='bbox 1897 1382 1967 1435; x_wconf 84' lang='lat' dir='ltr'>ad</span> 
     </span>
     <span class='ocr_line' id='line_1_19' title="bbox 382 1453 1969 1524; baseline -0.007 -9"><span class='ocrx_word' id='word_1_136' title='bbox 382 1472 575 1516; x_wconf 86' lang='lat' dir='ltr'>nutum</span> <span class='ocrx_word' id='word_1_137' title='bbox 613 1455 761 1521; x_wconf 89' lang='lat' dir='ltr'>ipfius</span> <span class='ocrx_word' id='word_1_138' title='bbox 796 1491 813 1516; x_wconf 83' lang='lat'>‚</span> <span class='ocrx_word' id='word_1_139' title='bbox 863 1466 1022 1521; x_wconf 89' lang='lat' dir='ltr'>prout</span> <span class='ocrx_word' id='word_1_140' title='bbox 1058 1453 1306 1520; x_wconf 81' lang='lat' dir='ltr'>expedire</span> <span class='ocrx_word' id='word_1_141' title='bbox 1355 1455 1661 1524; x_wconf 84' lang='lat' dir='ltr'>dignoverit</span> <span class='ocrx_word' id='word_1_142' title='bbox 1701 1492 1718 1518; x_wconf 87' lang='lat'><strong><em>,</em></strong></span> <span class='ocrx_word' id='word_1_143' title='bbox 1773 1468 1969 1520; x_wconf 81' lang='lat' dir='ltr'>expen-</span> 
     </span>
     <span class='ocr_line' id='line_1_20' title="bbox 385 1530 615 1584; baseline -0.017 0"><span class='ocrx_word' id='word_1_144' title='bbox 385 1530 579 1584; x_wconf 86' lang='lat' dir='ltr'>dentur</span> <span class='ocrx_word' id='word_1_145' title='bbox 602 1563 615 1575; x_wconf 86' lang='lat'><strong>.</strong></span> 
     </span>
    </p>

    <p class='ocr_par' dir='ltr' id='par_1_4' title="bbox 382 1593 1977 1861">
     <span class='ocr_line' id='line_1_21' title="bbox 457 1593 1977 1660; baseline -0.003 -11"><span class='ocrx_word' id='word_1_146' title='bbox 457 1603 542 1650; x_wconf 84' lang='lat'>88.</span> <span class='ocrx_word' id='word_1_147' title='bbox 618 1593 900 1659; x_wconf 81' lang='lat' dir='ltr'>Qantum</span> <span class='ocrx_word' id='word_1_148' title='bbox 944 1595 1011 1647; x_wconf 85' lang='lat' dir='ltr'>ad</span> <span class='ocrx_word' id='word_1_149' title='bbox 1057 1595 1468 1660; x_wconf 82' lang='lat' dir='ltr'>praecedentiam</span> <span class='ocrx_word' id='word_1_150' title='bbox 1515 1597 1653 1648; x_wconf 84' lang='lat' dir='ltr'>inter</span> <span class='ocrx_word' id='word_1_151' title='bbox 1676 1595 1977 1649; x_wconf 81' lang='lat' dir='ltr'>Ex-Custo-·</span> 
     </span>
     <span class='ocr_line' id='line_1_22' title="bbox 382 1661 1965 1727; baseline -0.002 -11"><span class='ocrx_word' id='word_1_152' title='bbox 382 1667 480 1720; x_wconf 82' lang='lat' dir='ltr'>des</span> <span class='ocrx_word' id='word_1_153' title='bbox 500 1701 517 1727; x_wconf 87' lang='lat'>,</span> <span class='ocrx_word' id='word_1_154' title='bbox 554 1661 999 1716; x_wconf 80' lang='lat' dir='ltr'>Ex-Diffinitores</span> <span class='ocrx_word' id='word_1_155' title='bbox 1019 1698 1036 1724; x_wconf 87' lang='lat'>‚</span> <span class='ocrx_word' id='word_1_156' title='bbox 1074 1664 1321 1716; x_wconf 60' lang='lat' dir='ltr'>LeRores</span> <span class='ocrx_word' id='word_1_157' title='bbox 1341 1667 1632 1717; x_wconf 88' lang='lat' dir='ltr'>Generales</span> <span class='ocrx_word' id='word_1_158' title='bbox 1655 1701 1672 1727; x_wconf 92' lang='lat'>,</span> <span class='ocrx_word' id='word_1_159' title='bbox 1712 1664 1965 1716; x_wconf 61' lang='lat' dir='ltr'>&amp;Lesto-</span> 
     </span>
     <span class='ocr_line' id='line_1_23' title="bbox 387 1731 1974 1804; baseline -0.004 -13"><span class='ocrx_word' id='word_1_160' title='bbox 387 1733 752 1804; x_wconf 83' lang='lat' dir='ltr'>resJubilatos</span> <span class='ocrx_word' id='word_1_161' title='bbox 773 1731 1047 1784; x_wconf 85' lang='lat' dir='ltr'>serventur</span> <span class='ocrx_word' id='word_1_162' title='bbox 1084 1733 1370 1799; x_wconf 62' lang='lat' dir='ltr'>respective</span> <span class='ocrx_word' id='word_1_163' title='bbox 1412 1732 1819 1792; x_wconf 87' lang='lat' dir='ltr'>consuetudines</span> <span class='ocrx_word' id='word_1_164' title='bbox 1840 1734 1974 1785; x_wconf 86' lang='lat' dir='ltr'>Pro·-</span> 
     </span>
     <span class='ocr_line' id='line_1_24' title="bbox 383 1805 720 1861; baseline -0.021 0"><span class='ocrx_word' id='word_1_165' title='bbox 383 1805 686 1861; x_wconf 84' lang='lat' dir='ltr'>vinciarum</span> <span class='ocrx_word' id='word_1_166' title='bbox 706 1840 720 1854; x_wconf 87' lang='lat'><strong>.</strong></span> 
     </span>
    </p>

    <p class='ocr_par' dir='ltr' id='par_1_5' title="bbox 384 1872 1981 2852">
     <span class='ocr_line' id='line_1_25' title="bbox 456 1872 1973 1939; baseline -0.001 -12"><span class='ocrx_word' id='word_1_167' title='bbox 456 1879 544 1939; x_wconf 86' lang='lat'>89.</span> <span class='ocrx_word' id='word_1_168' title='bbox 615 1872 854 1927; x_wconf 84' lang='lat' dir='ltr'>Cavetur</span> <span class='ocrx_word' id='word_1_169' title='bbox 872 1872 958 1925; x_wconf 90' lang='lat' dir='ltr'>sub</span> <span class='ocrx_word' id='word_1_170' title='bbox 979 1872 1226 1927; x_wconf 80' lang='lat' dir='ltr'>nullitate</span> <span class='ocrx_word' id='word_1_171' title='bbox 1251 1875 1524 1928; x_wconf 71' lang='lat' dir='ltr'>elefflonis</span> <span class='ocrx_word' id='word_1_172' title='bbox 1549 1914 1564 1938; x_wconf 82' lang='lat'><strong>,</strong></span> <span class='ocrx_word' id='word_1_173' title='bbox 1590 1886 1646 1927; x_wconf 89' lang='lat' dir='ltr'>ut</span> <span class='ocrx_word' id='word_1_174' title='bbox 1671 1876 1848 1928; x_wconf 88' lang='lat' dir='ltr'>nullus</span> <span class='ocrx_word' id='word_1_175' title='bbox 1873 1875 1973 1926; x_wconf 89' lang='lat' dir='ltr'>eli-</span> 
     </span>
     <span class='ocr_line' id='line_1_26' title="bbox 384 1942 1973 2014; baseline -0.001 -16"><span class='ocrx_word' id='word_1_176' title='bbox 384 1955 542 2014; x_wconf 78' lang='lat' dir='ltr'>gatur</span> <span class='ocrx_word' id='word_1_177' title='bbox 582 1943 637 1994; x_wconf 90' lang='lat' dir='ltr'>in</span> <span class='ocrx_word' id='word_1_178' title='bbox 652 1942 943 1995; x_wconf 85' lang='lat' dir='ltr'>Custodem</span> <span class='ocrx_word' id='word_1_179' title='bbox 962 1981 979 2005; x_wconf 84' lang='lat'>‚</span> <span class='ocrx_word' id='word_1_180' title='bbox 1017 1954 1108 1996; x_wconf 90' lang='lat' dir='ltr'>aut</span> <span class='ocrx_word' id='word_1_181' title='bbox 1132 1943 1498 1997; x_wconf 84' lang='lat' dir='ltr'>Diffinitorem</span> <span class='ocrx_word' id='word_1_182' title='bbox 1517 1981 1533 2005; x_wconf 90' lang='lat'>‚</span> <span class='ocrx_word' id='word_1_183' title='bbox 1553 1946 1642 1996; x_wconf 86' lang='lat' dir='ltr'>nifi</span> <span class='ocrx_word' id='word_1_184' title='bbox 1671 1958 1760 1998; x_wconf 88' lang='lat' dir='ltr'>aut</span> <span class='ocrx_word' id='word_1_185' title='bbox 1784 1947 1842 1997; x_wconf 92' lang='lat' dir='ltr'>s1t</span> <span class='ocrx_word' id='word_1_186' title='bbox 1867 1947 1973 1998; x_wconf 88' lang='lat' dir='ltr'>Le-</span> 
     </span>
     <span class='ocr_line' id='line_1_27' title="bbox 385 2012 1973 2081; baseline 0.001 -16"><span class='ocrx_word' id='word_1_187' title='bbox 385 2013 893 2081; x_wconf 63' lang='lat' dir='ltr'>RorJubilatuS‚aut</span> <span class='ocrx_word' id='word_1_188' title='bbox 916 2012 1253 2067; x_wconf 84' lang='lat' dir='ltr'>Guardianus</span> <span class='ocrx_word' id='word_1_189' title='bbox 1272 2017 1512 2067; x_wconf 81' lang='lat' dir='ltr'>extiterit</span> <span class='ocrx_word' id='word_1_190' title='bbox 1539 2033 1624 2080; x_wconf 87' lang='lat' dir='ltr'>per</span> <span class='ocrx_word' id='word_1_191' title='bbox 1643 2015 1973 2077; x_wconf 80' lang='lat' dir='ltr'>sexennium,</span> 
     </span>
     <span class='ocr_line' id='line_1_28' title="bbox 390 2083 1974 2150; baseline 0.001 -15"><span class='ocrx_word' id='word_1_192' title='bbox 390 2084 555 2136; x_wconf 80' lang='lat' dir='ltr'>autin</span> <span class='ocrx_word' id='word_1_193' title='bbox 573 2083 838 2136; x_wconf 86' lang='lat' dir='ltr'>Domibus</span> <span class='ocrx_word' id='word_1_194' title='bbox 852 2083 1312 2150; x_wconf 84' lang='lat' dir='ltr'>principalioribus</span> <span class='ocrx_word' id='word_1_195' title='bbox 1337 2083 1592 2137; x_wconf 87' lang='lat' dir='ltr'>nimirum</span> <span class='ocrx_word' id='word_1_196' title='bbox 1627 2086 1974 2137; x_wconf 54' lang='lat' dir='ltr'>Studiorum„</span> 
     </span>
     <span class='ocr_line' id='line_1_29' title="bbox 390 2151 1979 2221; baseline -0.001 -17"><span class='ocrx_word' id='word_1_197' title='bbox 390 2153 739 2205; x_wconf 86' lang='lat' dir='ltr'>Generalium</span> <span class='ocrx_word' id='word_1_198' title='bbox 760 2191 776 2215; x_wconf 91' lang='lat'>‚</span> <span class='ocrx_word' id='word_1_199' title='bbox 814 2154 865 2205; x_wconf 67' lang='grc' dir='ltr'>ὃ(</span> <span class='ocrx_word' id='word_1_200' title='bbox 889 2151 1270 2206; x_wconf 85' lang='lat' dir='ltr'>Novitiatuum</span> <span class='ocrx_word' id='word_1_201' title='bbox 1312 2156 1377 2207; x_wconf 84' lang='lat' dir='ltr'>ad</span> <span class='ocrx_word' id='word_1_202' title='bbox 1411 2155 1586 2205; x_wconf 87' lang='lat' dir='ltr'>minus</span> <span class='ocrx_word' id='word_1_203' title='bbox 1628 2171 1721 2221; x_wconf 90' lang='lat' dir='ltr'>per</span> <span class='ocrx_word' id='word_1_204' title='bbox 1742 2154 1979 2218; x_wconf 85' lang='lat' dir='ltr'>comple-</span> 
     </span>
     <span class='ocr_line' id='line_1_30' title="bbox 394 2222 1975 2289; baseline -0.002 -15"><span class='ocrx_word' id='word_1_205' title='bbox 394 2235 510 2274; x_wconf 79' lang='lat' dir='ltr'>tum</span> <span class='ocrx_word' id='word_1_206' title='bbox 550 2222 961 2289; x_wconf 83' lang='lat' dir='ltr'>quadriennium</span> <span class='ocrx_word' id='word_1_207' title='bbox 985 2258 1001 2284; x_wconf 87' lang='lat'>,</span> <span class='ocrx_word' id='word_1_208' title='bbox 1040 2234 1130 2275; x_wconf 83' lang='lat' dir='ltr'>aut</span> <span class='ocrx_word' id='word_1_209' title='bbox 1168 2223 1356 2275; x_wconf 56' lang='lat' dir='ltr'>Lestor</span> <span class='ocrx_word' id='word_1_210' title='bbox 1400 2223 1693 2277; x_wconf 81' lang='lat' dir='ltr'>sexennalis</span> <span class='ocrx_word' id='word_1_211' title='bbox 1739 2222 1975 2276; x_wconf 90' lang='lat' dir='ltr'>triennio</span> 
     </span>
     <span class='ocr_line' id='line_1_31' title="bbox 390 2291 1980 2362; baseline 0 -20"><span class='ocrx_word' id='word_1_212' title='bbox 390 2292 596 2345; x_wconf 64' lang='lat' dir='ltr'>funstus</span> <span class='ocrx_word' id='word_1_213' title='bbox 619 2292 985 2346; x_wconf 85' lang='lat' dir='ltr'>Guardianatu</span> <span class='ocrx_word' id='word_1_214' title='bbox 1007 2331 1022 2356; x_wconf 90' lang='lat'>,</span> <span class='ocrx_word' id='word_1_215' title='bbox 1060 2304 1148 2344; x_wconf 92' lang='lat' dir='ltr'>aut</span> <span class='ocrx_word' id='word_1_216' title='bbox 1167 2291 1416 2346; x_wconf 83' lang='lat' dir='ltr'>sexennio</span> <span class='ocrx_word' id='word_1_217' title='bbox 1450 2295 1700 2362; x_wconf 79' lang='lat' dir='ltr'>Magister</span> <span class='ocrx_word' id='word_1_218' title='bbox 1726 2292 1980 2346; x_wconf 81' lang='lat' dir='ltr'>Novitio-</span> 
     </span>
     <span class='ocr_line' id='line_1_32' title="bbox 393 2361 1980 2433; baseline -0.001 -21"><span class='ocrx_word' id='word_1_219' title='bbox 393 2378 512 2413; x_wconf 81' lang='lat' dir='ltr'>rum</span> <span class='ocrx_word' id='word_1_220' title='bbox 537 2361 585 2414; x_wconf 59' lang='grc' dir='ltr'>δὲ</span> <span class='ocrx_word' id='word_1_221' title='bbox 613 2362 846 2414; x_wconf 86' lang='lat' dir='ltr'>triennio</span> <span class='ocrx_word' id='word_1_222' title='bbox 866 2361 1204 2433; x_wconf 75' lang='lat' dir='ltr'>Guardianus</span> <span class='ocrx_word' id='word_1_223' title='bbox 1229 2399 1244 2423; x_wconf 89' lang='lat'>‚</span> <span class='ocrx_word' id='word_1_224' title='bbox 1283 2377 1372 2417; x_wconf 86' lang='lat' dir='ltr'>aut</span> <span class='ocrx_word' id='word_1_225' title='bbox 1394 2364 1759 2416; x_wconf 81' lang='lat' dir='ltr'>Concionator</span> <span class='ocrx_word' id='word_1_226' title='bbox 1797 2362 1980 2413; x_wconf 87' lang='lat' dir='ltr'>claris-</span> 
     </span>
     <span class='ocr_line' id='line_1_33' title="bbox 392 2431 1981 2494; baseline 0 -12"><span class='ocrx_word' id='word_1_227' title='bbox 392 2432 553 2484; x_wconf 75' lang='lat' dir='ltr'>simus</span> <span class='ocrx_word' id='word_1_228' title='bbox 574 2448 696 2484; x_wconf 92' lang='lat' dir='ltr'>cum</span> <span class='ocrx_word' id='word_1_229' title='bbox 717 2433 949 2484; x_wconf 89' lang='lat' dir='ltr'>triennio</span> <span class='ocrx_word' id='word_1_230' title='bbox 974 2431 1368 2486; x_wconf 85' lang='lat' dir='ltr'>Guardianatus·</span> <span class='ocrx_word' id='word_1_231' title='bbox 1387 2471 1402 2494; x_wconf 89' lang='lat'>‚</span> <span class='ocrx_word' id='word_1_232' title='bbox 1443 2444 1532 2486; x_wconf 86' lang='lat' dir='ltr'>aut</span> <span class='ocrx_word' id='word_1_233' title='bbox 1551 2432 1785 2486; x_wconf 85' lang='lat' dir='ltr'>triennio</span> <span class='ocrx_word' id='word_1_234' title='bbox 1804 2433 1981 2484; x_wconf 80' lang='lat' dir='ltr'>Guar-</span> 
     </span>
     <span class='ocr_line' id='line_1_34' title="bbox 393 2499 1979 2564; baseline 0.003 -15"><span class='ocrx_word' id='word_1_235' title='bbox 393 2499 583 2554; x_wconf 83' lang='lat' dir='ltr'>dianus</span> <span class='ocrx_word' id='word_1_236' title='bbox 610 2539 627 2564; x_wconf 89' lang='lat'>‚</span> <span class='ocrx_word' id='word_1_237' title='bbox 665 2501 716 2553; x_wconf 80' lang='lat'>&amp;</span> <span class='ocrx_word' id='word_1_238' title='bbox 761 2503 992 2554; x_wconf 90' lang='lat' dir='ltr'>triennio</span> <span class='ocrx_word' id='word_1_239' title='bbox 1026 2503 1315 2555; x_wconf 62' lang='lat' dir='ltr'>Provinciae</span> <span class='ocrx_word' id='word_1_240' title='bbox 1353 2504 1684 2556; x_wconf 85' lang='lat' dir='ltr'>Secretarius</span> <span class='ocrx_word' id='word_1_241' title='bbox 1708 2540 1722 2564; x_wconf 87' lang='lat'>‚</span> <span class='ocrx_word' id='word_1_242' title='bbox 1764 2514 1855 2556; x_wconf 86' lang='lat' dir='ltr'>aut</span> <span class='ocrx_word' id='word_1_243' title='bbox 1874 2504 1979 2554; x_wconf 89' lang='lat' dir='ltr'>Le-</span> 
     </span>
     <span class='ocr_line' id='line_1_35' title="bbox 395 2568 1978 2626; baseline 0.002 -8"><span class='ocrx_word' id='word_1_244' title='bbox 395 2568 506 2619; x_wconf 68' lang='grc' dir='ltr'>ἑὶοι·</span> <span class='ocrx_word' id='word_1_245' title='bbox 526 2571 808 2624; x_wconf 87' lang='lat' dir='ltr'>Generalis</span> <span class='ocrx_word' id='word_1_246' title='bbox 832 2573 1050 2625; x_wconf 64' lang='lat' dir='ltr'>afiualis</span> <span class='ocrx_word' id='word_1_247' title='bbox 1068 2574 1262 2624; x_wconf 90' lang='lat' dir='ltr'>habens</span> <span class='ocrx_word' id='word_1_248' title='bbox 1286 2573 1596 2625; x_wconf 73' lang='lat' dir='ltr'>sexennium</span> <span class='ocrx_word' id='word_1_249' title='bbox 1613 2574 1846 2626; x_wconf 63' lang='lat' dir='ltr'>LeRurae</span> <span class='ocrx_word' id='word_1_250' title='bbox 1869 2572 1978 2622; x_wconf 86' lang='lat' dir='ltr'>Ge-</span> 
     </span>
     <span class='ocr_line' id='line_1_36' title="bbox 393 2640 1980 2710; baseline 0.001 -20"><span class='ocrx_word' id='word_1_251' title='bbox 393 2640 591 2692; x_wconf 86' lang='lat' dir='ltr'>neralis</span> <span class='ocrx_word' id='word_1_252' title='bbox 619 2679 632 2692; x_wconf 88' lang='lat'>.</span> <span class='ocrx_word' id='word_1_253' title='bbox 676 2642 725 2694; x_wconf 94' lang='lat' dir='ltr'><strong>A</strong></span> <span class='ocrx_word' id='word_1_254' title='bbox 745 2659 846 2709; x_wconf 84' lang='lat' dir='ltr'>qua</span> <span class='ocrx_word' id='word_1_255' title='bbox 886 2655 1064 2695; x_wconf 88' lang='lat' dir='ltr'>tamen</span> <span class='ocrx_word' id='word_1_256' title='bbox 1099 2641 1220 2710; x_wconf 84' lang='lat' dir='ltr'>lege</span> <span class='ocrx_word' id='word_1_257' title='bbox 1245 2643 1309 2693; x_wconf 93' lang='lat' dir='ltr'>ob</span> <span class='ocrx_word' id='word_1_258' title='bbox 1331 2645 1577 2695; x_wconf 84' lang='lat' dir='ltr'>Fratrum</span> <span class='ocrx_word' id='word_1_259' title='bbox 1618 2644 1980 2710; x_wconf 80' lang='lat' dir='ltr'>paucitatem...</span> 
     </span>
     <span class='ocr_line' id='line_1_37' title="bbox 388 2708 1976 2778; baseline 0.001 -18"><span class='ocrx_word' id='word_1_260' title='bbox 388 2708 681 2761; x_wconf 80' lang='lat' dir='ltr'>Provinciae</span> <span class='ocrx_word' id='word_1_261' title='bbox 704 2712 1082 2765; x_wconf 84' lang='lat' dir='ltr'>Ultramarinae</span> <span class='ocrx_word' id='word_1_262' title='bbox 1103 2712 1435 2778; x_wconf 82' lang='lat' dir='ltr'>excipiuntur</span> <span class='ocrx_word' id='word_1_263' title='bbox 1454 2751 1469 2775; x_wconf 90' lang='lat'>‚</span> <span class='ocrx_word' id='word_1_264' title='bbox 1510 2714 1638 2764; x_wconf 87' lang='lat' dir='ltr'>ficut</span> <span class='ocrx_word' id='word_1_265' title='bbox 1661 2713 1828 2764; x_wconf 84' lang='lat' dir='ltr'>etiam</span> <span class='ocrx_word' id='word_1_266' title='bbox 1850 2748 1867 2774; x_wconf 90' lang='lat'>‚</span> <span class='ocrx_word' id='word_1_267' title='bbox 1888 2711 1976 2776; x_wconf 86' lang='lat' dir='ltr'>qui</span> 
     </span>
     <span class='ocr_line' id='line_1_38' title="bbox 392 2778 1977 2852; baseline 0.001 -20"><span class='ocrx_word' id='word_1_268' title='bbox 392 2778 508 2832; x_wconf 54' lang='lat' dir='ltr'>aftu</span> <span class='ocrx_word' id='word_1_269' title='bbox 527 2779 835 2851; x_wconf 18' lang='lat' dir='ltr'>:inserviunt</span> <span class='ocrx_word' id='word_1_270' title='bbox 874 2783 928 2838; x_wconf 88' lang='lat' dir='ltr'>in</span> <span class='ocrx_word' id='word_1_271' title='bbox 949 2779 1147 2839; x_wconf 84' lang='lat' dir='ltr'>Officio</span> <span class='ocrx_word' id='word_1_272' title='bbox 1175 2785 1568 2842; x_wconf 73' lang='lat' dir='ltr'>amanuensium</span> <span class='ocrx_word' id='word_1_273' title='bbox 1602 2782 1977 2852; x_wconf 79' lang='lat' dir='ltr'>Superioribus</span> 
     </span>
    </p>

    <p class='ocr_par' dir='ltr' id='par_1_6' title="bbox 1803 2853 1914 2903">
     <span class='ocr_line' id='line_1_39' title="bbox 1803 2853 1914 2903; baseline -0.027 0"><span class='ocrx_word' id='word_1_274' title='bbox 1803 2853 1914 2903; x_wconf 86' lang='lat' dir='ltr'>Ge-</span> 
     </span>
    </p>
   </div>
  </div>
 </body>
</html>
