2143 3084
406 111 468 165 38

327 191 416 230 tus
440 177 636 232 iterum
656 188 809 237 vacet
832 182 1100 252 postquam
1118 197 1207 255 per
1224 184 1659 254 subrogationem
1677 184 1917 253 ipsorum

333 248 616 313 impletum
638 251 875 314 fuit‚tum
897 254 1093 308 nullius
1109 255 1327 310 alterius
1347 270 1470 308 ante
1487 255 1919 321 Capitulum‚aut

328 313 825 388 Congregationem
858 324 1163 394 subrogatio
1184 325 1276 377 fiat
1294 360 1314 387 ‚
1352 323 1438 377 sed
1457 328 1668 377 tantum
1694 327 1785 391 pro
1805 325 1917 376 Ge·

331 389 499 440 nerali
519 424 534 451 ,
574 404 664 444 aut
686 392 1167 463 Congregatione‚
1204 407 1294 447 aut
1316 395 1572 461 Capitulo
1593 392 1912 456 substitutIO,

329 473 437 523 quae
460 493 476 519 ,
514 458 638 511 sicut
672 460 802 514 dum
826 462 1103 519 Diffinitor
1124 464 1406 517 Generalis
1443 465 1755 529 subrogatus
1794 473 1915 514 tan-

325 536 441 578 tum
464 530 535 580 est
556 529 735 583 absens
756 534 784 584 a
805 532 1062 600 Capitulo
1082 534 1333 587 Generali
1359 569 1375 594 ‚
1413 531 1602 584 cadere
1628 530 1785 584 debet
1807 532 1903 582 in„

322 595 667 662 Minimum,
705 613 794 653 aut
815 601 1093 656 Vicarium
1119 641 1133 664 ,
1169 615 1263 654 ‘aut
1300 601 1774 662 Pro-Ministrum,
1808 611 1906 653 aut

321 663 614 720 Custodem
648 668 940 724 Provincia:
973 670 1298 727 Diffiuitoris
1315 669 1593 724 Generalis
1627 668 1900 736 subrogati

320 735 546 788 absentis
566 774 582 799 ,
622 739 693 791 ita
723 742 936 806 quando
972 740 1368 796 Diffinitoratns
1390 739 1670 792 Generalis
1712 740 1785 791 est
1806 754 1902 790 va—

318 819 444 856 cans
475 806 667 870 cadere
705 808 864 864 debet
882 813 935 871 jn
956 810 1170 865 eosdem
1193 811 1420 862 Vocales
1453 811 1562 859 non'
1601 807 1897 860 Provinciae

316 871 643 930 Diffinitoris
664 879 943 933 Generalis
985 881 1286 947 subrogati,
1323 877 1411 930 sed
1427 877 1715 930 Provinciae
1734 874 1903 929 Diffi-

319 942 511 996 nitoris
531 947 809 1001 Generalis
829 949 984 1004 ,eleffi
1008 987 1023 1010 ‚
1057 949 1114 1001 ,ὃς
1129 950 1164 998 fi
1186 946 1392 999 accidat
1414 983 1430 1006 ,
1469 956 1559 997 aut
1583 944 1897 998 Diffinitore

318 1012 569 1066 Generali
592 1017 798 1070 absente
817 1056 832 1080 ,
868 1031 959 1071 vaut
980 1015 1352 1073 Diffinitoratu
1372 1014 1623 1066 Generali
1641 1027 1864 1069 vacante
1885 1050 1903 1076 ,

320 1079 490 1136 abest'e
512 1085 808 1140 aGenerali
832 1088 1084 1153 Capitulo
1111 1086 1283 1138 etiam
1314 1083 1529 1136 vocales
1568 1083 1690 1135 illos
1711 1119 1730 1145 ‚
1767 1098 1900 1150 quos

319 1148 374 1201 in
400 1153 600 1207 casibus
638 1155 746 1208 istis
770 1157 1044 1211 statuimus
1069 1152 1575 1208 effesubstitue-ndos
1593 1191 1611 1217 ,
1648 1155 1762 1204 tum
1785 1153 1903 1205 sub-

315 1219 562 1274 stituat-ur
580 1257 600 1283 ‚
632 1227 724 1291 qui
748 1229 820 1278 est
837 1226 1054 1294 dignior
1074 1223 1323 1279 ,Minister
1349 1258 1365 1282 ‚
1387 1223 1474 1274 seu
1495 1222 1763 1288 antiquior
1789 1223 1904 1276 Na-

318 1287 482 1342 tionis
500 1291 598 1342 suae
622 1330 637 1354 ,
671 1294 721 1346 ὃς
743 1307 1000 1360 quatenus
1020 1309 1124 1345 non
1146 1291 1435 1344 innotescat
1473 1294 1587 1358 quis
1627 1292 1770 1345 inter
1794 1293 1910 1346 Na-

317 1357 476 1412 tionis
500 1361 772 1416 Ministros
799 1361 1068 1431 antiquio]-
1087 1363 1173 1425 fit,
1190 1361 1528 1414 substituatur
1548 1361 1771 1419 demum
1790 1363 1901 1416 Mi-

308 1429 469 1481 nister
491 1430 781 1485 Provinciae
804 1432 1120 1498 antiquioris
1136 1468 1157 1483 „

377 1516 432 1561 9.
496 1499 555 1552 si
577 1501 792 1554 acffualis
816 1503 1055 1554 Minister
1075 1500 1424 1554 Provincialis
1464 1500 1694 1569 eligatur
1719 1502 1772 1553 in
1794 1502 1895 1555 Of-

311 1563 549 1620 ficialem
572 1570 819 1624 Romanae
841 1569 1318 1636 Curiae‚nonpoffit
1336 1570 1394 1621 in
1415 1572 1678 1635 posterum
1705 1571 1896 1625 adire,

303 1637 413 1686 tale
432 1635 689 1696 Officium
715 1677 730 1700 ,
768 1640 818 1689 Sc
837 1656 1088 1691 exercere
1107 1639 1280 1703 ipsum
1299 1674 1316 1699 ,
1356 1639 1448 1688 nifi
1485 1641 1628 1704 prius
1664 1656 1784 1692 cum
1814 1642 1893 1693 ef·-

299 1702 436 1755 fec‘tu
462 1707 731 1758 renuntiet
754 1706 843 1758 suo
865 1706 1241 1762 Ministeriatui
1263 1740 1278 1766 ‚
1317 1705 1370 1757 ὃς
1389 1723 1510 1759 cum
1530 1703 1713 1760 effectu
1735 1710 1896 1764 Vica-

303 1774 413 1826 rius
434 1773 784 1830 Provincialis
810 1777 860 1827 in
885 1774 1065 1829 locum
1083 1776 1238 1842 ‘ipsius
1258 1773 1548 1828 sufficiatur
1575 1811 1590 1837 ‚
1630 1776 1890 1832 definitur

293 1843 449 1894 ,enim
472 1878 488 1902 ‚
528 1844 578 1896 Sc
596 1844 899 1900 declaratur
930 1844 1043 1900 duo
1067 1849 1182 1898 ,haec
1203 1860 1427 1899 munera
1445 1844 1502 1899 in
1525 1845 1719 1900 eodem
1745 1846 1888 1915 effe?

298 1909 791 1978 incompossibilia„

375 1996 457 2033 10..
532 1984 585 2035 Si
604 1986 849 2039 Minister
882 1983 1229 2041 Provincialis
1263 1985 1324 2038 fit
1358 2003 1460 2040 una
1483 1984 1755 2040 Definitor
1776 1986 1887 2043 Ge-

302 2053 501 2105 neralis
521 2091 536 2115 ‚
575 2053 626 2106 &
648 2055 714 2107 ad
735 2058 1000 2110 Generale
1024 2056 1333 2122 Capitulum
1369 2057 1457 2123 ipfi
1479 2057 1885 2119 accedendum,

301 2122 363 2174 fit
383 2158 398 2182 ‚
423 2138 528 2175 non
551 2124 703 2189 poffit
725 2125 791 2178 ad
812 2125 957 2179 idem
981 2126 1292 2192 Capitulum
1319 2127 1600 2180 Provincia
1623 2125 1888 2183 mittere)

300 2192 739 2246 Pro-Ministrum
762 2233 779 2258 ‚
815 2195 902 2247 sed
926 2211 1058 2248 unus
1077 2230 1094 2257 ‚
1135 2194 1186 2246 ὅ(
1223 2194 1368 2246 idem
1403 2214 1567 2248 unum
1593 2198 1646 2248 in
1667 2198 1762 2250 ino
1783 2197 1886 2249 suf-

292 2259 529 2330 ,fragium
549 2263 688 2317 ferat
707 2303 723 2328 ‚
764 2278 821 2318 ut
862 2266 1107 2318 Minister
1137 2265 1491 2319 Provincialis
1512 2303 1530 2331 ‚
1570 2265 1622 2321 δε
1641 2278 1699 2319 ut
1715 2264 1883 2321 Diffi-

294 2331 450 2387 nitor
469 2333 758 2387 Generalis
774 2371 793 2388 .

377 2421 396 2453 1
412 2421 456 2454 t.
531 2403 1239 2474 Ubicumque'impertienda
1258 2405 1316 2456 -fit
1332 2405 1656 2471 benedictin,
1678 2406 1729 2460 δε
1745 2424 1883 2476 aqua

298 2470 528 2527 lustralis
547 2475 820 2528 Fratribus
842 2475 1224 2545 aspergendaffl
1251 2491 1354 2527 non
1378 2477 1504 2528 adiit
1530 2480 1686 2530 Pater
1708 2479 1884 2532 Guar-

294 2540 491 2595 -dianus
517 2545 837 2599 Conventus
858 2584 876 2608 ‚
914 2563 1019 2599 non
1039 2545 1094 2597 *id
1112 2547 1383 2611 praestetur
1404 2551 1432 2600 a
1451 2549 1607 2600 Patre
1647 2546 1882 2616 digniori

294 2609 728 2690 communitatis
753 2654 770 2684 ,
806 2617 894 2672 sed
916 2620 980 2672 ab
1001 2615 1237 2683 ejusdem
1259 2616 1572 2675 Conventus
1607 2617 1835 2673 Vicario
1853 2617 1891 2671 fi

296 2690 520 2749 praetens
540 2687 640 2739 fit„

1564 2848 1650 2884 ια.
1675 2829 1823 2886 Dum
