2143 3084
147 253 589 321 Hierosolymam
631 248 924 306 mittuntur·
963 288 978 313 ,
1016 252 1145 307 fiant
1185 255 1437 322 de‘Inceps
1468 295 1483 319 ‚
1525 257 1574 309 ἃ
1618 261 1735 311 sub-—

148 327 439 377 scribantur
460 324 488 374 a
511 323 750 375 Patribus
772 320 1082 375 Guardiano
1108 324 1251 376 Sacri
1273 326 1479 378 Montis
1503 329 1625 380 Sion
1642 366 1657 390 ,
1680 327 1732 378 &L

151 395 406 449 Discretis
428 391 610 444 Terr-ae
636 391 829 443 Saricha
856 408 949 458 pro
975 404 1215 460 tempore
1236 395 1571 459 praesentibus
1598 435 1609 446 .

228 481 343 527 124.
420 460 782 526 Eleemosynae
819 477 1007 512 omnes
1044 499 1058 523 ,
1097 480 1206 529 quae
1243 462 1307 515 ad
1350 465 1532 518 Saucia
1571 468 1733 527 Loca,

156 545 211 584 ut
246 531 394 596 supra
430 529 876 592 transvehuntur,
917 529 964 595 ip
990 530 1131 584 Arca
1168 531 1257 584 sub
1292 533 1458 585 tribus
1483 536 1736 588 clavibus

157 597 481 654 asserventur
506 634 521 659 ‚
560 616 783 665 quarum
808 616 910 651 una
949 601 1007 650 fit
1049 604 1207 665 penes
1232 603 1447 655 Patrem
1469 604 1737 656 Guardia-

155 686 283 722 num
323 667 882 734 Hierosolymitanum
924 683 1018 734 pro
1042 682 1286 736 tempore
1311 706 1327 731 ‚
1364 673 1537 729 alterat
1576 688 1737 739 penes

151 740 372 791 Patrem
396 738 669 788 Vicarium
693 772 710 796 ‚
749 738 908 789 tertia
929 737 1154 804 denique
1176 742 1203 789 a
1230 741 1385 792 Patre
1409 741 1737 794 Procurato-

160 824 218 859 re
240 807 545 859 detineatur
564 824 585 859 5
625 805 766 871 quod
789 806 1065 861 decretum
1090 810 1246 860 Pater
1264 810 1606 869 Guardianus
1625 826 1749 861 om·-

160 877 391 929 nimodae
429 874 734 927 executioni
772 873 1087 926 demandari
1122 888 1272 934 curet
1311 913 1327 938 ,
1365 878 1452 929 sub
1494 895 1629 947 pena
1665 879 1747 931 su·-

161 944 444 1014 spenfionis
470 946 532 997 ab
557 941 756 1001 Officio
795 944 847 997 in
885 945 1000 1004 casu
1047 945 1444 1005 inobservantiae
1467 965 1558 1017 per
1581 949 1747 1016 ipsum

145 1014 489 1073 ‹incurreuda
512 1059 525 1071 .

241 1106 359 1148 125.
435 1090 755 1144 Nullatenus
779 1093 831 1144 in
856 1095 1119 1158 posterum
1160 1108 1491 1160 quacumque
1509 1089 1573 1143 de
1596 1092 1749 1146 causa

148 1156 354 1223 2cuique
375 1161 620 1224 pecunias
645 1198 661 1222 ‚
699 1161 756 1213 ὃς
773 1164 995 1215 mobilia
1014 1164 1194 1216 Terra:
1217 1162 1411 1228 Sancta:
1439 1162 1747 1222 distrahere,

160 1227 498 1280 seu-alienare
521 1262 536 1288 ,
575 1231 660 1280 aut
684 1231 910 1283 aedificia
938 1235 1241 1285 construere
1266 1232 1405 1293 ,vel
1427 1244 1578 1283 extra
1597 1232 1750 1282 ordi*

163 1297 344 1348 uarios
367 1297 600 1361 sumptus
621 1295 794 1347 facere
818 1298 1157 1360 permittatur
1178 1336 1194 1359 ‚
1232 1301 1418 1366 absque
1450 1301 1641 1365 praevia
1661 1317 1750 1366 ap·-

164 1366 479 1432 probatione
519 1364 755 1425 ejusdem
795 1365 1089 1420 Guardiani
1114 1404 1130 1429 ,
1171 1369 1219 1420 ὃς
1243 1369 1613 1422 Discretorum
1654 1385 1752 1437 pro

170 1447 415 1501 tempore
430 1434 772 1502 *praesentium
798 1470 814 1494 ‚
853 1435 933 1486 seu
959 1436 1145 1488 saltem
1167 1440 1386 1498 majoris
1407 1442 1569 1505 partis
1593 1476 1607 1489 .

242 1512 357 1556 126.
438 1504 685 1558 Vicarius
722 1504 1015 1557 Guardiani
1057 1505 1540 1574 Hierosolymitani
1578 1511 1753 1562 nomi-

169 1586 330 1627 netur
369 1577 577 1626 tantum
600 1574 845 1627 Vicarius
885 1576 1030 1628 Sacri
1069 1576 1276 1629 Montis
1303 1579 1428 1630 Sion
1455 1615 1470 1641 ,
1509 1579 1560 1632 ἃ
1600 1581 1751 1632 nullo

165 1645 335 1697 modo
354 1644 599 1695 Vicarius
632 1645 913 1695 Generalis
960 1645 1254 1708 appelletur
1275 1684 1290 1707 ‚
1328 1650 1416 1713 qui
1443 1650 1495 1699 in
1520 1648 1752 1702 funestio-

170 1716 323 1765 nibus
360 1747 375 1771 ‚
417 1729 526 1777 quae
569 1711 703 1762 fiunt
741 1713 1094 1764 conveniente
1132 1714 1541 1770 Communitatc
1578 1717 1752 1771 Sancti

167 1783 497 1842 Salvatoris'‚
532 1782 740 1833 absente
764 1817 780 1842 ‚
814 1781 899 1833 vel
920 1781 1183 1847 impedito
1205 1786 1262 1837 P.
1289 1786 1755 1852 GuardianO,prae·-·

172 1852 336 1904 fideat
362 1888 377 1912 ‚
417 1851 467 1903 ὃς
507 1851 811 1918 praeferatur
838 1886 854 1913 ,
895 1850 1099 1918 ipseque
1143 1866 1258 1906 tum
1296 1855 1350 1905 in
1388 1857 1754 1925 SS.Sepulcro

167 1921 441 1990 praedicffas
464 1922 761 1974 functiones
780 1934 1071 1985 exequatur
1093 1957 1106 1970 .
1297 1978 1299 1980 ,

245 2011 368 2058 1²7·
400 2019 406 2034 -·
443 1991 814 2045 Praecedentiae
864 1991 998 2042 ordo
1049 1993 1187 2044 inter
1222 1995 1497 2050 Vicarium
1540 1999 1750 2053 Montis

171 2063 298 2116 Sion
324 2100 339 2124 ‚
379 2063 429 2115 ὃ(
470 2065 532 2116 Ρ.
555 2065 963 2115 Procuratorem
1004 2063 1324 2118 Generalem
1345 2068 1529 2120 Terra·
1557 2070 1754 2121 Sanc'tae

171 2133 411 2209 servetur
431 2134 621 2200 ubique
647 2151 735 2201 per
754 2134 981 2186 Terram
1000 2132 1242 2188 Sanctam
1262 2171 1280 2197 ,
1321 2139 1409 2204 qui
1428 2138 1749 2208 Hierosoly-

172 2202 276 2255 mis
294 2206 520 2257 1ancitus
541 2208 610 2256 est
637 2244 649 2256 .
1254 2208 1257 2209 ⁷

248 2281 364 2325 128.
441 2277 597 2328 Pater
617 2274 860 2329 Vicarius
883 2275 1090 2330 Montis
1108 2278 1231 2332 Sion
1257 2281 1308 2332 in
1330 2281 1752 2334 Proceffionibus

175 2345 427 2404 procedat
454 2358 576 2398 ante
597 2346 813 2399 indutos
838 2347 1243 2414 Superpelliceis
1265 2388 1280 2413 ‚
1317 2352 1484 2404 etiam
1505 2351 1633 2403 dum
1656 2352 1754 2403 Pa·-

174 2413 272 2465 tris
294 2416 588 2468 Guardiani
615 2419 883 2483 praesentia
905 2417 1229 2473 defideratur
1249 2459 1264 2474 .

248 2500 364 2547 129.
438 2486 609 2538 Chori
647 2487 1115 2542 ModeratoresS.
1153 2491 1446 2545 Salvatoris
1477 2531 1493 2555 ‚
1530 2493 1615 2544 SS.
1657 2492 1748 2543 Se-

172 2555 372 2619 pulcri,
412 2556 686 2609 Nazareth
724 2594 739 2619 ‚
780 2559 1056 2611 Bethleem
1103 2597 1119 2621 ,
1159 2561 1210 2612 &
1252 2562 1423 2615 Sancti
1451 2562 1671 2630 Joannis
1696 2561 1750 2611 in

172 2623 438 2676 Montana
461 2664 476 2689 ,
515 2629 579 2678 fic
593 2625 872 2681 successive
914 2631 964 2681 in
1002 2631 1224 2695 praefatis
1245 2633 1616 2685 Conventibus
1640 2646 1757 2698 per·-

175 2706 453 2747 mutentur
492 2732 507 2755 ‚
547 2709 604 2748 ut
643 2697 830 2765 finguli
874 2699 1157 2754 inserviant
1194 2703 1410 2772 fingulis
1448 2704 1633 2754 saltem
1662 2714 1752 2766 per

182 2777 346 2818 unum
393 2781 633 2822 aunum5
672 2768 915 2836 Cumque
937 2769 1242 2826 sexennium
1287 2771 1562 2843 integrum
1587 2773 1639 2822 in
1660 2769 1755 2821 tali

1011 2841 1041 2895 ,1
1549 2839 1693 2905 Offiff
