<?xml version="1.0" encoding="UTF-8"?>
<!DOCTYPE html PUBLIC "-//W3C//DTD XHTML 1.0 Transitional//EN"
    "http://www.w3.org/TR/xhtml1/DTD/xhtml1-transitional.dtd">
<html xmlns="http://www.w3.org/1999/xhtml" xml:lang="en" lang="en">
 <head>
  <title>
</title>
<meta http-equiv="Content-Type" content="text/html;charset=utf-8" />
  <meta name='ocr-system' content='tesseract 3.04.00' />
  <meta name='ocr-capabilities' content='ocr_page ocr_carea ocr_par ocr_line ocrx_word'/>
</head>
<body>
  <div class='ocr_page' id='page_1' title='image "./capitulumgeneral00fran_0078.png"; bbox 0 0 2143 3084; ppageno 0'>
   <div class='ocr_carea' id='block_1_1' title="bbox 386 178 2002 2823">
    <p class='ocr_par' dir='ltr' id='par_1_1' title="bbox 411 178 2000 515">
     <span class='ocr_line' id='line_1_1' title="bbox 486 178 913 230; baseline 0.007 -3"><span class='ocrx_word' id='word_1_1' title='bbox 486 178 552 227; x_wconf 84' lang='lat'>72</span> <span class='ocrx_word' id='word_1_2' title='bbox 908 226 913 230; x_wconf 90' lang='lat'>.</span> 
     </span>
     <span class='ocr_line' id='line_1_2' title="bbox 417 229 1999 303; baseline -0.001 -18"><span class='ocrx_word' id='word_1_3' title='bbox 417 234 580 285; x_wconf 78' lang='lat' dir='ltr'>etiam</span> <span class='ocrx_word' id='word_1_4' title='bbox 605 229 855 302; x_wconf 76' lang='lat' dir='ltr'>gravibus</span> <span class='ocrx_word' id='word_1_5' title='bbox 898 230 1157 299; x_wconf 81' lang='lat' dir='ltr'>quatenus</span> <span class='ocrx_word' id='word_1_6' title='bbox 1173 235 1304 303; x_wconf 81' lang='lat' dir='ltr'>opus&#39;</span> <span class='ocrx_word' id='word_1_7' title='bbox 1324 232 1485 291; x_wconf 84' lang='lat' dir='ltr'>fuerit</span> <span class='ocrx_word' id='word_1_8' title='bbox 1510 231 1579 290; x_wconf 90' lang='lat' dir='ltr'>ad</span> <span class='ocrx_word' id='word_1_9' title='bbox 1602 234 1877 289; x_wconf 82' lang='lat' dir='ltr'>licentiam</span> <span class='ocrx_word' id='word_1_10' title='bbox 1901 232 1999 301; x_wconf 77' lang='lat' dir='ltr'>op-&#39;</span> 
     </span>
     <span class='ocr_line' id='line_1_3' title="bbox 417 303 2000 372; baseline 0.001 -19"><span class='ocrx_word' id='word_1_11' title='bbox 417 305 637 369; x_wconf 69' lang='lat' dir='ltr'>pos-itam</span> <span class='ocrx_word' id='word_1_12' title='bbox 673 303 1110 370; x_wconf 73' lang='lat' dir='ltr'><strong>compescendam</strong></span> <span class='ocrx_word' id='word_1_13' title='bbox 1137 341 1153 366; x_wconf 90' lang='lat'>,</span> <span class='ocrx_word' id='word_1_14' title='bbox 1183 306 1235 357; x_wconf 86' lang='lat'>&amp;</span> <span class='ocrx_word' id='word_1_15' title='bbox 1275 307 1582 372; x_wconf 81' lang='lat' dir='ltr'><strong>Superiores</strong></span> <span class='ocrx_word' id='word_1_16' title='bbox 1604 306 1828 359; x_wconf 89' lang='lat' dir='ltr'>Locales</span> <span class='ocrx_word' id='word_1_17' title='bbox 1853 307 1881 355; x_wconf 77' lang='lat' dir='ltr'>a</span> <span class='ocrx_word' id='word_1_18' title='bbox 1902 306 2000 356; x_wconf 89' lang='lat' dir='ltr'>Su-</span> 
     </span>
     <span class='ocr_line' id='line_1_4' title="bbox 411 373 1998 445; baseline 0 -20"><span class='ocrx_word' id='word_1_19' title='bbox 411 373 709 441; x_wconf 70' lang='lat' dir='ltr'>perioribus</span> <span class='ocrx_word' id='word_1_20' title='bbox 730 374 1148 427; x_wconf 81' lang='lat' dir='ltr'>Provincialibus</span> <span class='ocrx_word' id='word_1_21' title='bbox 1172 392 1266 442; x_wconf 90' lang='lat' dir='ltr'>pro</span> <span class='ocrx_word' id='word_1_22' title='bbox 1290 374 1628 445; x_wconf 71' lang='lat' dir='ltr'>negligentia:</span> <span class='ocrx_word' id='word_1_23' title='bbox 1649 374 1998 440; x_wconf 79' lang='lat' dir='ltr'>mod0‚prout</span> 
     </span>
     <span class='ocr_line' id='line_1_5' title="bbox 414 444 1712 515; baseline 0.002 -21"><span class='ocrx_word' id='word_1_24' title='bbox 414 444 696 510; x_wconf 81' lang='lat' dir='ltr'>disciplinae</span> <span class='ocrx_word' id='word_1_25' title='bbox 718 459 1013 510; x_wconf 80' lang='lat' dir='ltr'>congruere</span> <span class='ocrx_word' id='word_1_26' title='bbox 1035 447 1282 498; x_wconf 85' lang='lat' dir='ltr'>noverint</span> <span class='ocrx_word' id='word_1_27' title='bbox 1299 483 1314 508; x_wconf 91' lang='lat'>,</span> <span class='ocrx_word' id='word_1_28' title='bbox 1355 445 1673 515; x_wconf 83' lang='lat' dir='ltr'>castigentur</span> <span class='ocrx_word' id='word_1_29' title='bbox 1698 482 1712 496; x_wconf 87' lang='lat'><strong>.</strong></span> 
     </span>
    </p>

    <p class='ocr_par' dir='ltr' id='par_1_2' title="bbox 395 512 2002 2048">
     <span class='ocr_line' id='line_1_6' title="bbox 480 512 1993 582; baseline -0.001 -16"><span class='ocrx_word' id='word_1_30' title='bbox 480 515 576 569; x_wconf 89' lang='lat' dir='ltr'>XI.</span> <span class='ocrx_word' id='word_1_31' title='bbox 650 515 756 565; x_wconf 82' lang='lat' dir='ltr'>Etfi</span> <span class='ocrx_word' id='word_1_32' title='bbox 787 512 1363 578; x_wconf 81' lang='lat' dir='ltr'>CapitulumVallisol.</span> <span class='ocrx_word' id='word_1_33' title='bbox 1395 534 1546 578; x_wconf 84' lang='lat'>1593·</span> <span class='ocrx_word' id='word_1_34' title='bbox 1568 513 1824 582; x_wconf 73' lang='lat' dir='ltr'>congessit</span> <span class='ocrx_word' id='word_1_35' title='bbox 1849 514 1993 566; x_wconf 86' lang='lat' dir='ltr'>mul-</span> 
     </span>
     <span class='ocr_line' id='line_1_7' title="bbox 407 581 1996 650; baseline 0 -15"><span class='ocrx_word' id='word_1_36' title='bbox 407 593 462 635; x_wconf 80' lang='lat' dir='ltr'>ta</span> <span class='ocrx_word' id='word_1_37' title='bbox 485 622 500 646; x_wconf 85' lang='lat'>‚</span> <span class='ocrx_word' id='word_1_38' title='bbox 538 600 647 650; x_wconf 79' lang='lat' dir='ltr'>quae</span> <span class='ocrx_word' id='word_1_39' title='bbox 675 583 728 634; x_wconf 89' lang='lat' dir='ltr'>in</span> <span class='ocrx_word' id='word_1_40' title='bbox 753 581 1029 635; x_wconf 76' lang='lat' dir='ltr'>offerendo</span> <span class='ocrx_word' id='word_1_41' title='bbox 1062 584 1397 638; x_wconf 57' lang='lat' dir='ltr'>Sacrosanfflo</span> <span class='ocrx_word' id='word_1_42' title='bbox 1419 585 1688 637; x_wconf 87' lang='lat' dir='ltr'>Sacrificio</span> <span class='ocrx_word' id='word_1_43' title='bbox 1709 581 1865 646; x_wconf 70' lang='lat' dir='ltr'>Mffl&#39;e</span> <span class='ocrx_word' id='word_1_44' title='bbox 1901 584 1996 635; x_wconf 86' lang='lat' dir='ltr'>de-</span> 
     </span>
     <span class='ocr_line' id='line_1_8' title="bbox 404 652 1997 721; baseline 0 -16"><span class='ocrx_word' id='word_1_45' title='bbox 404 652 686 705; x_wconf 81' lang='lat' dir='ltr'>votionem</span> <span class='ocrx_word' id='word_1_46' title='bbox 710 654 861 705; x_wconf 70' lang='lat' dir='ltr'>simul</span> <span class='ocrx_word' id='word_1_47' title='bbox 888 652 1227 721; x_wconf 83' lang='lat' dir='ltr'>injungerent</span> <span class='ocrx_word' id='word_1_48' title='bbox 1254 655 1335 717; x_wconf 67' lang='grc' dir='ltr'>,δε</span> <span class='ocrx_word' id='word_1_49' title='bbox 1357 654 1693 721; x_wconf 82' lang='lat' dir='ltr'>inspirarent,</span> <span class='ocrx_word' id='word_1_50' title='bbox 1713 669 1997 706; x_wconf 88' lang='lat' dir='ltr'>commen-</span> 
     </span>
     <span class='ocr_line' id='line_1_9' title="bbox 403 721 1991 793; baseline 0.001 -19"><span class='ocrx_word' id='word_1_51' title='bbox 403 721 599 776; x_wconf 84' lang='lat' dir='ltr'>dantur</span> <span class='ocrx_word' id='word_1_52' title='bbox 642 722 814 775; x_wconf 88' lang='lat' dir='ltr'>adhuc</span> <span class='ocrx_word' id='word_1_53' title='bbox 851 722 1144 787; x_wconf 86' lang='lat' dir='ltr'>modestia,</span> <span class='ocrx_word' id='word_1_54' title='bbox 1183 724 1234 775; x_wconf 67' lang='grc' dir='ltr'>δί</span> <span class='ocrx_word' id='word_1_55' title='bbox 1281 726 1518 793; x_wconf 80' lang='lat' dir='ltr'>gravitas</span> <span class='ocrx_word' id='word_1_56' title='bbox 1542 761 1558 786; x_wconf 91' lang='lat'>‚</span> <span class='ocrx_word' id='word_1_57' title='bbox 1596 740 1706 790; x_wconf 78' lang='lat' dir='ltr'>quae</span> <span class='ocrx_word' id='word_1_58' title='bbox 1746 735 1991 776; x_wconf 62' lang='lat' dir='ltr'>tantam,</span> 
     </span>
     <span class='ocr_line' id='line_1_10' title="bbox 403 791 1992 861; baseline -0.001 -15"><span class='ocrx_word' id='word_1_59' title='bbox 403 794 669 846; x_wconf 62' lang='lat' dir='ltr'>astionem</span> <span class='ocrx_word' id='word_1_60' title='bbox 710 791 938 856; x_wconf 87' lang='lat' dir='ltr'>decent,</span> <span class='ocrx_word' id='word_1_61' title='bbox 977 810 1191 861; x_wconf 82' lang='lat' dir='ltr'>quaeque</span> <span class='ocrx_word' id='word_1_62' title='bbox 1234 793 1371 847; x_wconf 81' lang='lat' dir='ltr'>infra</span> <span class='ocrx_word' id='word_1_63' title='bbox 1407 793 1694 846; x_wconf 90' lang='lat' dir='ltr'>dimidium</span> <span class='ocrx_word' id='word_1_64' title='bbox 1722 796 1860 844; x_wconf 82' lang='lat' dir='ltr'>horae</span> <span class='ocrx_word' id='word_1_65' title='bbox 1894 808 1992 844; x_wconf 91' lang='lat' dir='ltr'>ne-</span> 
     </span>
     <span class='ocr_line' id='line_1_11' title="bbox 402 860 2000 932; baseline -0.003 -16"><span class='ocrx_word' id='word_1_66' title='bbox 402 880 667 932; x_wconf 80' lang='lat' dir='ltr'>quaquam</span> <span class='ocrx_word' id='word_1_67' title='bbox 691 899 707 924; x_wconf 92' lang='lat'>,</span> <span class='ocrx_word' id='word_1_68' title='bbox 754 875 813 916; x_wconf 88' lang='lat' dir='ltr'>ut</span> <span class='ocrx_word' id='word_1_69' title='bbox 838 866 1087 916; x_wconf 88' lang='lat' dir='ltr'>convenit</span> <span class='ocrx_word' id='word_1_70' title='bbox 1110 899 1126 925; x_wconf 90' lang='lat'>‚</span> <span class='ocrx_word' id='word_1_71' title='bbox 1147 860 1605 931; x_wconf 79' lang='lat' dir='ltr'>impendipossiint</span> <span class='ocrx_word' id='word_1_72' title='bbox 1627 899 1643 924; x_wconf 86' lang='lat'>‚</span> <span class='ocrx_word' id='word_1_73' title='bbox 1685 863 1734 914; x_wconf 61' lang='grc' dir='ltr'>δὲ</span> <span class='ocrx_word' id='word_1_74' title='bbox 1758 861 2000 928; x_wconf 78' lang='lat' dir='ltr'>praecipi-</span> 
     </span>
     <span class='ocr_line' id='line_1_12' title="bbox 404 930 1997 1000; baseline -0.004 -14"><span class='ocrx_word' id='word_1_75' title='bbox 404 944 490 986; x_wconf 83' lang='lat' dir='ltr'>tur</span> <span class='ocrx_word' id='word_1_76' title='bbox 513 932 883 1000; x_wconf 84' lang='lat' dir='ltr'>Superioribus</span> <span class='ocrx_word' id='word_1_77' title='bbox 928 934 1199 999; x_wconf 75' lang='lat' dir='ltr'>primum,</span> <span class='ocrx_word' id='word_1_78' title='bbox 1239 946 1295 984; x_wconf 91' lang='lat' dir='ltr'>ut</span> <span class='ocrx_word' id='word_1_79' title='bbox 1342 935 1526 986; x_wconf 79' lang='lat' dir='ltr'>sedulo</span> <span class='ocrx_word' id='word_1_80' title='bbox 1564 933 1850 999; x_wconf 86' lang='lat' dir='ltr'>invigilent</span> <span class='ocrx_word' id='word_1_81' title='bbox 1873 930 1997 983; x_wconf 89' lang='lat' dir='ltr'>huic</span> 
     </span>
     <span class='ocr_line' id='line_1_13' title="bbox 403 1001 2000 1069; baseline -0.003 -13"><span class='ocrx_word' id='word_1_82' title='bbox 403 1006 522 1068; x_wconf 86' lang='lat' dir='ltr'>rei,</span> <span class='ocrx_word' id='word_1_83' title='bbox 561 1007 674 1056; x_wconf 77' lang='lat' dir='ltr'>tum</span> <span class='ocrx_word' id='word_1_84' title='bbox 696 1015 903 1069; x_wconf 46' lang='lat' dir='ltr'>utaquos</span> <span class='ocrx_word' id='word_1_85' title='bbox 926 1003 1013 1053; x_wconf 87' lang='lat' dir='ltr'>vel</span> <span class='ocrx_word' id='word_1_86' title='bbox 1037 1001 1315 1054; x_wconf 71' lang='lat' dir='ltr'>incondite</span> <span class='ocrx_word' id='word_1_87' title='bbox 1340 1040 1356 1064; x_wconf 91' lang='lat'><strong>,</strong></span> <span class='ocrx_word' id='word_1_88' title='bbox 1397 1004 1479 1058; x_wconf 90' lang='lat' dir='ltr'>vel</span> <span class='ocrx_word' id='word_1_89' title='bbox 1504 1004 1733 1054; x_wconf 75' lang='lat' dir='ltr'>celerius</span> <span class='ocrx_word' id='word_1_90' title='bbox 1781 1003 2000 1054; x_wconf 70' lang='lat' dir='ltr'>facere.»</span> 
     </span>
     <span class='ocr_line' id='line_1_14' title="bbox 401 1072 2002 1142; baseline -0.004 -15"><span class='ocrx_word' id='word_1_91' title='bbox 401 1072 888 1142; x_wconf 84' lang='lat' dir='ltr'>deprehenderint,</span> <span class='ocrx_word' id='word_1_92' title='bbox 931 1088 1025 1137; x_wconf 90' lang='lat' dir='ltr'>pro</span> <span class='ocrx_word' id='word_1_93' title='bbox 1059 1073 1230 1138; x_wconf 88' lang='lat' dir='ltr'>prima</span> <span class='ocrx_word' id='word_1_94' title='bbox 1266 1073 1384 1125; x_wconf 88' lang='lat' dir='ltr'>vice</span> <span class='ocrx_word' id='word_1_95' title='bbox 1427 1072 1714 1139; x_wconf 82' lang='lat' dir='ltr'>disciplinae</span> <span class='ocrx_word' id='word_1_96' title='bbox 1752 1087 1841 1137; x_wconf 89' lang='lat' dir='ltr'>per</span> <span class='ocrx_word' id='word_1_97' title='bbox 1862 1075 2002 1123; x_wconf 88' lang='lat' dir='ltr'>inte-</span> 
     </span>
     <span class='ocr_line' id='line_1_15' title="bbox 401 1141 1996 1214; baseline -0.004 -18"><span class='ocrx_word' id='word_1_98' title='bbox 401 1159 558 1214; x_wconf 88' lang='lat' dir='ltr'>grum</span> <span class='ocrx_word' id='word_1_99' title='bbox 581 1142 837 1195; x_wconf 85' lang='lat' dir='ltr'>Miserere</span> <span class='ocrx_word' id='word_1_100' title='bbox 858 1141 1137 1194; x_wconf 88' lang='lat' dir='ltr'>subiiciant</span> <span class='ocrx_word' id='word_1_101' title='bbox 1156 1143 1208 1193; x_wconf 92' lang='lat' dir='ltr'>in</span> <span class='ocrx_word' id='word_1_102' title='bbox 1231 1141 1385 1208; x_wconf 85' lang='lat' dir='ltr'>plena</span> <span class='ocrx_word' id='word_1_103' title='bbox 1405 1142 1821 1195; x_wconf 87' lang='lat' dir='ltr'>Communitate</span> <span class='ocrx_word' id='word_1_104' title='bbox 1842 1179 1859 1203; x_wconf 90' lang='lat'>‚</span> <span class='ocrx_word' id='word_1_105' title='bbox 1900 1154 1996 1207; x_wconf 89' lang='lat' dir='ltr'>pro</span> 
     </span>
     <span class='ocr_line' id='line_1_16' title="bbox 400 1209 1999 1281; baseline -0.003 -16"><span class='ocrx_word' id='word_1_106' title='bbox 400 1213 628 1267; x_wconf 82' lang='lat' dir='ltr'>secunda</span> <span class='ocrx_word' id='word_1_107' title='bbox 667 1214 721 1264; x_wconf 90' lang='lat' dir='ltr'>in</span> <span class='ocrx_word' id='word_1_108' title='bbox 768 1209 976 1279; x_wconf 86' lang='lat' dir='ltr'>publica</span> <span class='ocrx_word' id='word_1_109' title='bbox 998 1211 1302 1264; x_wconf 67' lang='lat' dir='ltr'>Refec&#39;iione</span> <span class='ocrx_word' id='word_1_110' title='bbox 1341 1211 1406 1264; x_wconf 93' lang='lat' dir='ltr'>de</span> <span class='ocrx_word' id='word_1_111' title='bbox 1451 1226 1588 1281; x_wconf 84' lang='lat' dir='ltr'>genu</span> <span class='ocrx_word' id='word_1_112' title='bbox 1630 1214 1682 1265; x_wconf 88' lang='lat' dir='ltr'>in</span> <span class='ocrx_word' id='word_1_113' title='bbox 1724 1228 1854 1279; x_wconf 87' lang='lat' dir='ltr'>pane</span> <span class='ocrx_word' id='word_1_114' title='bbox 1877 1223 1999 1262; x_wconf 90' lang='lat' dir='ltr'>tan-</span> 
     </span>
     <span class='ocr_line' id='line_1_17' title="bbox 402 1280 2002 1350; baseline -0.004 -12"><span class='ocrx_word' id='word_1_115' title='bbox 402 1297 519 1338; x_wconf 90' lang='lat' dir='ltr'>tum</span> <span class='ocrx_word' id='word_1_116' title='bbox 544 1322 560 1347; x_wconf 91' lang='lat'>,</span> <span class='ocrx_word' id='word_1_117' title='bbox 600 1282 651 1334; x_wconf 81' lang='lat'>&amp;</span> <span class='ocrx_word' id='word_1_118' title='bbox 674 1297 809 1346; x_wconf 84' lang='lat' dir='ltr'>aqua</span> <span class='ocrx_word' id='word_1_119' title='bbox 836 1283 1062 1334; x_wconf 84' lang='lat' dir='ltr'>habeant</span> <span class='ocrx_word' id='word_1_120' title='bbox 1089 1319 1105 1345; x_wconf 87' lang='lat'>‚</span> <span class='ocrx_word' id='word_1_121' title='bbox 1144 1299 1241 1350; x_wconf 88' lang='lat' dir='ltr'>pro</span> <span class='ocrx_word' id='word_1_122' title='bbox 1281 1281 1443 1334; x_wconf 90' lang='lat' dir='ltr'>tertia</span> <span class='ocrx_word' id='word_1_123' title='bbox 1482 1283 1691 1348; x_wconf 86' lang='lat' dir='ltr'>utrique</span> <span class='ocrx_word' id='word_1_124' title='bbox 1710 1280 2002 1333; x_wconf 62' lang='lat' dir='ltr'>correc‘iio-</span> 
     </span>
     <span class='ocr_line' id='line_1_18' title="bbox 397 1351 1997 1420; baseline -0.005 -12"><span class='ocrx_word' id='word_1_125' title='bbox 397 1355 455 1408; x_wconf 83' lang='lat' dir='ltr'>ni</span> <span class='ocrx_word' id='word_1_126' title='bbox 497 1352 749 1420; x_wconf 64' lang='lat' dir='ltr'>praediftae</span> <span class='ocrx_word' id='word_1_127' title='bbox 792 1351 938 1420; x_wconf 84' lang='lat' dir='ltr'>figna</span> <span class='ocrx_word' id='word_1_128' title='bbox 975 1353 1305 1418; x_wconf 89' lang='lat' dir='ltr'>probationis</span> <span class='ocrx_word' id='word_1_129' title='bbox 1349 1353 1641 1413; x_wconf 88' lang='lat' dir='ltr'>adiiciant,</span> <span class='ocrx_word' id='word_1_130' title='bbox 1689 1352 1997 1404; x_wconf 86' lang='lat' dir='ltr'>nullatenus</span> 
     </span>
     <span class='ocr_line' id='line_1_19' title="bbox 401 1421 1997 1490; baseline -0.003 -13"><span class='ocrx_word' id='word_1_131' title='bbox 401 1423 693 1490; x_wconf 76' lang='lat' dir='ltr'>adimenda</span> <span class='ocrx_word' id='word_1_132' title='bbox 713 1421 831 1487; x_wconf 86' lang='lat' dir='ltr'>ipfis</span> <span class='ocrx_word' id='word_1_133' title='bbox 853 1421 1066 1482; x_wconf 85' lang='lat' dir='ltr'>‚donec</span> <span class='ocrx_word' id='word_1_134' title='bbox 1087 1422 1340 1474; x_wconf 83' lang='lat' dir='ltr'>stabiliter</span> <span class='ocrx_word' id='word_1_135' title='bbox 1364 1423 1716 1474; x_wconf 87' lang='lat' dir='ltr'>emendentur</span> <span class='ocrx_word' id='word_1_136' title='bbox 1741 1439 1763 1474; x_wconf 70' lang='lat'>5</span> <span class='ocrx_word' id='word_1_137' title='bbox 1788 1421 1838 1472; x_wconf 65' lang='lat' dir='ltr'>St</span> <span class='ocrx_word' id='word_1_138' title='bbox 1864 1436 1997 1486; x_wconf 86' lang='lat' dir='ltr'>qua-</span> 
     </span>
     <span class='ocr_line' id='line_1_20' title="bbox 401 1490 1995 1560; baseline -0.003 -16"><span class='ocrx_word' id='word_1_139' title='bbox 401 1505 559 1547; x_wconf 82' lang='lat' dir='ltr'>tenus</span> <span class='ocrx_word' id='word_1_140' title='bbox 579 1490 770 1560; x_wconf 88' lang='lat' dir='ltr'>aliquis</span> <span class='ocrx_word' id='word_1_141' title='bbox 793 1490 842 1541; x_wconf 88' lang='lat' dir='ltr'>se</span> <span class='ocrx_word' id='word_1_142' title='bbox 863 1491 1035 1542; x_wconf 88' lang='lat' dir='ltr'>adhuc</span> <span class='ocrx_word' id='word_1_143' title='bbox 1056 1492 1282 1555; x_wconf 84' lang='lat' dir='ltr'>praebeat</span> <span class='ocrx_word' id='word_1_144' title='bbox 1323 1490 1749 1559; x_wconf 86' lang='lat' dir='ltr'>incorrigibilem</span> <span class='ocrx_word' id='word_1_145' title='bbox 1771 1491 1995 1541; x_wconf 75' lang='lat' dir='ltr'>omnino</span> 
     </span>
     <span class='ocr_line' id='line_1_21' title="bbox 400 1557 1993 1625; baseline -0.003 -9"><span class='ocrx_word' id='word_1_146' title='bbox 400 1563 620 1616; x_wconf 57' lang='lat' dir='ltr'>{Sacris</span> <span class='ocrx_word' id='word_1_147' title='bbox 644 1558 923 1613; x_wconf 88' lang='lat' dir='ltr'>Altaribus</span> <span class='ocrx_word' id='word_1_148' title='bbox 963 1572 1205 1613; x_wconf 82' lang='lat' dir='ltr'>arceatur</span> <span class='ocrx_word' id='word_1_149' title='bbox 1244 1596 1259 1622; x_wconf 88' lang='lat'>,</span> <span class='ocrx_word' id='word_1_150' title='bbox 1295 1560 1345 1611; x_wconf 63' lang='lat' dir='ltr'>&amp;c</span> <span class='ocrx_word' id='word_1_151' title='bbox 1383 1562 1760 1625; x_wconf 85' lang='lat' dir='ltr'>suspendatur,</span> <span class='ocrx_word' id='word_1_152' title='bbox 1798 1557 1993 1612; x_wconf 82' lang='lat' dir='ltr'>&amp;aliis</span> 
     </span>
     <span class='ocr_line' id='line_1_22' title="bbox 397 1630 1998 1698; baseline -0.001 -16"><span class='ocrx_word' id='word_1_153' title='bbox 397 1632 630 1683; x_wconf 86' lang='lat' dir='ltr'>servitiis</span> <span class='ocrx_word' id='word_1_154' title='bbox 654 1631 949 1695; x_wconf 86' lang='lat' dir='ltr'>applicetur</span> <span class='ocrx_word' id='word_1_155' title='bbox 968 1647 988 1683; x_wconf 74' lang='lat'>5</span> <span class='ocrx_word' id='word_1_156' title='bbox 1027 1630 1078 1680; x_wconf 81' lang='lat'>&amp;</span> <span class='ocrx_word' id='word_1_157' title='bbox 1105 1630 1170 1680; x_wconf 89' lang='lat' dir='ltr'>de</span> <span class='ocrx_word' id='word_1_158' title='bbox 1197 1631 1438 1683; x_wconf 85' lang='lat' dir='ltr'>Patribus</span> <span class='ocrx_word' id='word_1_159' title='bbox 1458 1631 1708 1698; x_wconf 85' lang='lat' dir='ltr'>gravibus</span> <span class='ocrx_word' id='word_1_160' title='bbox 1742 1631 1998 1682; x_wconf 86' lang='lat' dir='ltr'>laboran-</span> 
     </span>
     <span class='ocr_line' id='line_1_23' title="bbox 400 1698 1992 1766; baseline -0.002 -13"><span class='ocrx_word' id='word_1_161' title='bbox 400 1701 545 1753; x_wconf 88' lang='lat' dir='ltr'>tibus</span> <span class='ocrx_word' id='word_1_162' title='bbox 585 1699 651 1752; x_wconf 91' lang='lat' dir='ltr'>de</span> <span class='ocrx_word' id='word_1_163' title='bbox 697 1700 833 1751; x_wconf 90' lang='lat' dir='ltr'>vitio</span> <span class='ocrx_word' id='word_1_164' title='bbox 874 1699 967 1749; x_wconf 89' lang='lat' dir='ltr'>isto</span> <span class='ocrx_word' id='word_1_165' title='bbox 1006 1698 1321 1765; x_wconf 87' lang='lat' dir='ltr'>Superiores</span> <span class='ocrx_word' id='word_1_166' title='bbox 1359 1701 1632 1760; x_wconf 59' lang='lat' dir='ltr'>Maiores,</span> <span class='ocrx_word' id='word_1_167' title='bbox 1670 1712 1725 1751; x_wconf 93' lang='lat' dir='ltr'>ut</span> <span class='ocrx_word' id='word_1_168' title='bbox 1767 1699 1992 1766; x_wconf 74' lang='lat' dir='ltr'>omnino</span> 
     </span>
     <span class='ocr_line' id='line_1_24' title="bbox 399 1767 1992 1837; baseline -0.003 -14"><span class='ocrx_word' id='word_1_169' title='bbox 399 1769 590 1823; x_wconf 83' lang='lat' dir='ltr'>efficax</span> <span class='ocrx_word' id='word_1_170' title='bbox 639 1768 942 1821; x_wconf 88' lang='lat' dir='ltr'>remedium</span> <span class='ocrx_word' id='word_1_171' title='bbox 981 1767 1268 1820; x_wconf 86' lang='lat' dir='ltr'>adhibeant</span> <span class='ocrx_word' id='word_1_172' title='bbox 1307 1787 1399 1837; x_wconf 91' lang='lat' dir='ltr'>per</span> <span class='ocrx_word' id='word_1_173' title='bbox 1437 1770 1744 1836; x_wconf 88' lang='lat' dir='ltr'>Superiores</span> <span class='ocrx_word' id='word_1_174' title='bbox 1766 1767 1992 1829; x_wconf 73' lang='lat' dir='ltr'>Locale&#39;s</span> 
     </span>
     <span class='ocr_line' id='line_1_25' title="bbox 399 1837 1992 1905; baseline -0.001 -13"><span class='ocrx_word' id='word_1_175' title='bbox 399 1840 799 1892; x_wconf 83' lang='lat' dir='ltr'>admoneantur</span> <span class='ocrx_word' id='word_1_176' title='bbox 826 1874 842 1899; x_wconf 90' lang='lat'>‚</span> <span class='ocrx_word' id='word_1_177' title='bbox 884 1838 933 1889; x_wconf 59' lang='grc' dir='ltr'>ὃς</span> <span class='ocrx_word' id='word_1_178' title='bbox 970 1837 1326 1890; x_wconf 87' lang='lat' dir='ltr'>informentur</span> <span class='ocrx_word' id='word_1_179' title='bbox 1347 1876 1363 1902; x_wconf 88' lang='lat'>‚</span> <span class='ocrx_word' id='word_1_180' title='bbox 1402 1838 1489 1905; x_wconf 90' lang='lat' dir='ltr'>qui</span> <span class='ocrx_word' id='word_1_181' title='bbox 1512 1840 1545 1889; x_wconf 89' lang='lat' dir='ltr'>fi</span> <span class='ocrx_word' id='word_1_182' title='bbox 1562 1838 1764 1890; x_wconf 73' lang='lat' dir='ltr'>desides</span> <span class='ocrx_word' id='word_1_183' title='bbox 1788 1837 1992 1891; x_wconf 86' lang='lat' dir='ltr'>fuerint</span> 
     </span>
     <span class='ocr_line' id='line_1_26' title="bbox 395 1906 1989 1977; baseline -0.003 -15"><span class='ocrx_word' id='word_1_184' title='bbox 395 1911 450 1963; x_wconf 86' lang='lat' dir='ltr'>in</span> <span class='ocrx_word' id='word_1_185' title='bbox 496 1906 881 1977; x_wconf 71' lang='lat' dir='ltr'>praemissorum</span> <span class='ocrx_word' id='word_1_186' title='bbox 919 1906 1347 1975; x_wconf 76' lang='lat' dir='ltr'>adimple-mento</span> <span class='ocrx_word' id='word_1_187' title='bbox 1384 1925 1516 1962; x_wconf 90' lang='lat' dir='ltr'>voce</span> <span class='ocrx_word' id='word_1_188' title='bbox 1555 1908 1758 1969; x_wconf 51' lang='lat' dir='ltr'>wiva,</span> <span class='ocrx_word' id='word_1_189' title='bbox 1800 1906 1851 1958; x_wconf 67' lang='grc' dir='ltr'>δέ</span> <span class='ocrx_word' id='word_1_190' title='bbox 1874 1907 1989 1974; x_wconf 86' lang='lat' dir='ltr'>pas-</span> 
     </span>
     <span class='ocr_line' id='line_1_27' title="bbox 396 1978 1844 2048; baseline -0.001 -17"><span class='ocrx_word' id='word_1_191' title='bbox 396 1982 503 2032; x_wconf 78' lang='lat' dir='ltr'>fiva</span> <span class='ocrx_word' id='word_1_192' title='bbox 521 1980 770 2033; x_wconf 83' lang='lat' dir='ltr'>sexennio</span> <span class='ocrx_word' id='word_1_193' title='bbox 792 1992 1047 2042; x_wconf 84' lang='lat' dir='ltr'>careant,</span> <span class='ocrx_word' id='word_1_194' title='bbox 1084 1979 1208 2044; x_wconf 88' lang='lat' dir='ltr'>quin</span> <span class='ocrx_word' id='word_1_195' title='bbox 1243 1978 1432 2045; x_wconf 86' lang='lat' dir='ltr'>posfint</span> <span class='ocrx_word' id='word_1_196' title='bbox 1453 1980 1806 2048; x_wconf 84' lang='lat' dir='ltr'>redintegrari</span> <span class='ocrx_word' id='word_1_197' title='bbox 1831 2016 1844 2029; x_wconf 89' lang='lat'><em>.</em></span> 
     </span>
    </p>

    <p class='ocr_par' dir='ltr' id='par_1_3' title="bbox 386 2046 1992 2730">
     <span class='ocr_line' id='line_1_28' title="bbox 467 2046 1988 2119; baseline -0.006 -14"><span class='ocrx_word' id='word_1_198' title='bbox 467 2051 591 2105; x_wconf 89' lang='lat' dir='ltr'><strong>XII.</strong></span> <span class='ocrx_word' id='word_1_199' title='bbox 668 2047 781 2113; x_wconf 84' lang='lat' dir='ltr'>Qi</span> <span class='ocrx_word' id='word_1_200' title='bbox 819 2050 1208 2117; x_wconf 87' lang='lat' dir='ltr'>equitaverint,</span> <span class='ocrx_word' id='word_1_201' title='bbox 1251 2046 1591 2118; x_wconf 55' lang='lat' dir='ltr'>bigaverint&#39;,</span> <span class='ocrx_word' id='word_1_202' title='bbox 1626 2048 1988 2119; x_wconf 55' lang='lat' dir='ltr'>quadrigaveu</span> 
     </span>
     <span class='ocr_line' id='line_1_29' title="bbox 394 2118 1990 2185; baseline 0.001 -15"><span class='ocrx_word' id='word_1_203' title='bbox 394 2120 538 2183; x_wconf 83' lang='lat' dir='ltr'>rint,</span> <span class='ocrx_word' id='word_1_204' title='bbox 577 2120 666 2174; x_wconf 83' lang='lat' dir='ltr'>vel</span> <span class='ocrx_word' id='word_1_205' title='bbox 693 2121 800 2171; x_wconf 80' lang='lat' dir='ltr'>fine</span> <span class='ocrx_word' id='word_1_206' title='bbox 827 2121 1047 2185; x_wconf 85' lang='lat' dir='ltr'>probata</span> <span class='ocrx_word' id='word_1_207' title='bbox 1084 2118 1387 2173; x_wconf 85' lang='lat' dir='ltr'>neceffitate</span> <span class='ocrx_word' id='word_1_208' title='bbox 1411 2157 1427 2182; x_wconf 87' lang='lat'>‚</span> <span class='ocrx_word' id='word_1_209' title='bbox 1459 2123 1546 2172; x_wconf 88' lang='lat' dir='ltr'>vel</span> <span class='ocrx_word' id='word_1_210' title='bbox 1571 2137 1674 2171; x_wconf 91' lang='lat' dir='ltr'>non</span> <span class='ocrx_word' id='word_1_211' title='bbox 1698 2120 1908 2171; x_wconf 84' lang='lat' dir='ltr'>servato</span> <span class='ocrx_word' id='word_1_212' title='bbox 1934 2121 1990 2172; x_wconf 85' lang='lat' dir='ltr'>in</span> 
     </span>
     <span class='ocr_line' id='line_1_30' title="bbox 394 2189 1990 2256; baseline -0.001 -15"><span class='ocrx_word' id='word_1_213' title='bbox 394 2190 705 2242; x_wconf 77' lang='lat' dir='ltr'>necestitate</span> <span class='ocrx_word' id='word_1_214' title='bbox 739 2189 843 2254; x_wconf 85' lang='lat' dir='ltr'>ipsa</span> <span class='ocrx_word' id='word_1_215' title='bbox 875 2189 1170 2256; x_wconf 81' lang='lat' dir='ltr'>praescripto</span> <span class='ocrx_word' id='word_1_216' title='bbox 1195 2193 1491 2242; x_wconf 84' lang='lat' dir='ltr'>nostrarum</span> <span class='ocrx_word' id='word_1_217' title='bbox 1510 2190 1990 2251; x_wconf 86' lang='lat' dir='ltr'>Constitutionum,</span> 
     </span>
     <span class='ocr_line' id='line_1_31' title="bbox 388 2257 1992 2326; baseline -0.001 -15"><span class='ocrx_word' id='word_1_218' title='bbox 388 2261 679 2326; x_wconf 58' lang='lat' dir='ltr'>&#39;puniantur</span> <span class='ocrx_word' id='word_1_219' title='bbox 717 2259 1153 2312; x_wconf 73' lang='lat' dir='ltr'>irremissibiliter</span> <span class='ocrx_word' id='word_1_220' title='bbox 1172 2264 1326 2326; x_wconf 80' lang='lat' dir='ltr'>prout</span> <span class='ocrx_word' id='word_1_221' title='bbox 1361 2259 1545 2312; x_wconf 89' lang='lat' dir='ltr'>iisdem</span> <span class='ocrx_word' id='word_1_222' title='bbox 1579 2261 1868 2320; x_wconf 51' lang='lat' dir='ltr'>injuncium</span> <span class='ocrx_word' id='word_1_223' title='bbox 1890 2257 1992 2311; x_wconf 84' lang='lat' dir='ltr'>fuit</span> 
     </span>
     <span class='ocr_line' id='line_1_32' title="bbox 389 2336 1981 2396; baseline -0.001 -14"><span class='ocrx_word' id='word_1_224' title='bbox 389 2347 530 2382; x_wconf 80' lang='lat' dir='ltr'>anno</span> <span class='ocrx_word' id='word_1_225' title='bbox 558 2348 711 2394; x_wconf 83' lang='lat'><strong>1337.</strong></span> <span class='ocrx_word' id='word_1_226' title='bbox 740 2336 891 2395; x_wconf 83' lang='lat'>1416.</span> <span class='ocrx_word' id='word_1_227' title='bbox 924 2345 1074 2396; x_wconf 79' lang='lat'><em>1430.</em></span> <span class='ocrx_word' id='word_1_228' title='bbox 1105 2344 1259 2395; x_wconf 82' lang='lat'>1514.</span> <span class='ocrx_word' id='word_1_229' title='bbox 1284 2349 1434 2390; x_wconf 86' lang='lat'>1521.</span> <span class='ocrx_word' id='word_1_230' title='bbox 1467 2350 1618 2396; x_wconf 89' lang='lat'>1541.</span> <span class='ocrx_word' id='word_1_231' title='bbox 1647 2349 1798 2391; x_wconf 85' lang='lat'>1553.</span> <span class='ocrx_word' id='word_1_232' title='bbox 1824 2348 1981 2394; x_wconf 87' lang='lat'>1590.</span> 
     </span>
     <span class='ocr_line' id='line_1_33' title="bbox 392 2399 1982 2468; baseline 0.002 -17"><span class='ocrx_word' id='word_1_233' title='bbox 392 2419 412 2451; x_wconf 85' lang='lat'>1</span> <span class='ocrx_word' id='word_1_234' title='bbox 429 2417 546 2462; x_wconf 81' lang='lat'><em>593·</em></span> <span class='ocrx_word' id='word_1_235' title='bbox 573 2435 590 2461; x_wconf 90' lang='lat'>‚</span> <span class='ocrx_word' id='word_1_236' title='bbox 630 2400 680 2451; x_wconf 63' lang='lat'>8&lt;</span> <span class='ocrx_word' id='word_1_237' title='bbox 698 2403 850 2466; x_wconf 78' lang='lat' dir='ltr'>prout</span> <span class='ocrx_word' id='word_1_238' title='bbox 875 2400 1043 2454; x_wconf 89' lang='lat' dir='ltr'>etiam</span> <span class='ocrx_word' id='word_1_239' title='bbox 1065 2412 1373 2467; x_wconf 66' lang='lat' dir='ltr'>preceptum</span> <span class='ocrx_word' id='word_1_240' title='bbox 1406 2399 1503 2453; x_wconf 79' lang='lat' dir='ltr'>fuit</span> <span class='ocrx_word' id='word_1_241' title='bbox 1528 2419 1618 2468; x_wconf 91' lang='lat' dir='ltr'>per</span> <span class='ocrx_word' id='word_1_242' title='bbox 1641 2400 1982 2467; x_wconf 73' lang='lat' dir='ltr'>Apostolicas</span> 
     </span>
     <span class='ocr_line' id='line_1_34' title="bbox 386 2468 1979 2536; baseline 0 -14"><span class='ocrx_word' id='word_1_243' title='bbox 386 2468 814 2522; x_wconf 90' lang='lat' dir='ltr'>Constitutiones</span> <span class='ocrx_word' id='word_1_244' title='bbox 848 2508 865 2532; x_wconf 89' lang='lat'>‚</span> <span class='ocrx_word' id='word_1_245' title='bbox 902 2470 954 2521; x_wconf 62' lang='grc' dir='ltr'>δέ</span> <span class='ocrx_word' id='word_1_246' title='bbox 995 2471 1244 2536; x_wconf 89' lang='lat' dir='ltr'>Superior</span> <span class='ocrx_word' id='word_1_247' title='bbox 1285 2472 1565 2524; x_wconf 87' lang='lat' dir='ltr'>Generalis</span> <span class='ocrx_word' id='word_1_248' title='bbox 1604 2473 1712 2524; x_wconf 89' lang='lat' dir='ltr'>illis</span> <span class='ocrx_word' id='word_1_249' title='bbox 1753 2470 1979 2522; x_wconf 72' lang='lat' dir='ltr'>iisdem.»</span> 
     </span>
     <span class='ocr_line' id='line_1_35' title="bbox 388 2539 1980 2608; baseline 0 -18"><span class='ocrx_word' id='word_1_250' title='bbox 388 2539 794 2593; x_wconf 73' lang='lat' dir='ltr'>animadvertat</span> <span class='ocrx_word' id='word_1_251' title='bbox 817 2541 872 2591; x_wconf 90' lang='lat' dir='ltr'>in</span> <span class='ocrx_word' id='word_1_252' title='bbox 897 2542 1031 2593; x_wconf 86' lang='lat' dir='ltr'>alios</span> <span class='ocrx_word' id='word_1_253' title='bbox 1049 2540 1380 2594; x_wconf 85' lang='lat' dir='ltr'>subalternos</span> <span class='ocrx_word' id='word_1_254' title='bbox 1405 2578 1420 2602; x_wconf 92' lang='lat'>,</span> <span class='ocrx_word' id='word_1_255' title='bbox 1461 2545 1547 2608; x_wconf 90' lang='lat' dir='ltr'>qui</span> <span class='ocrx_word' id='word_1_256' title='bbox 1571 2544 1655 2594; x_wconf 89' lang='lat' dir='ltr'>vel</span> <span class='ocrx_word' id='word_1_257' title='bbox 1680 2544 1731 2593; x_wconf 91' lang='lat' dir='ltr'>in</span> <span class='ocrx_word' id='word_1_258' title='bbox 1753 2541 1802 2592; x_wconf 92' lang='lat' dir='ltr'>se</span> <span class='ocrx_word' id='word_1_259' title='bbox 1831 2577 1847 2601; x_wconf 92' lang='lat'>‚</span> <span class='ocrx_word' id='word_1_260' title='bbox 1889 2539 1980 2591; x_wconf 84' lang='lat' dir='ltr'>vel</span> 
     </span>
     <span class='ocr_line' id='line_1_36' title="bbox 388 2607 1977 2730; baseline 0.005 -73"><span class='ocrx_word' id='word_1_261' title='bbox 388 2610 445 2730; x_wconf 65' lang='lat' dir='ltr'>{n</span> <span class='ocrx_word' id='word_1_262' title='bbox 490 2611 611 2665; x_wconf 69' lang='lat' dir='ltr'>aliis</span> <span class='ocrx_word' id='word_1_263' title='bbox 647 2645 667 2672; x_wconf 85' lang='grc'>,</span> <span class='ocrx_word' id='word_1_264' title='bbox 723 2613 812 2663; x_wconf 75' lang='lat' dir='ltr'>aut</span> <span class='ocrx_word' id='word_1_265' title='bbox 854 2611 1085 2664; x_wconf 80' lang='lat' dir='ltr'>foverint</span> <span class='ocrx_word' id='word_1_266' title='bbox 1121 2648 1138 2675; x_wconf 93' lang='lat'>‚</span> <span class='ocrx_word' id='word_1_267' title='bbox 1178 2615 1267 2664; x_wconf 81' lang='lat' dir='ltr'>aut</span> <span class='ocrx_word' id='word_1_268' title='bbox 1323 2613 1664 2682; x_wconf 84' lang='lat' dir='ltr'>neglexerint</span> <span class='ocrx_word' id='word_1_269' title='bbox 1723 2607 1977 2665; x_wconf 58' lang='lat' dir='ltr'>abusum,</span> 
     </span>
     <span class='ocr_line' id='line_1_37' title="bbox 406 2695 577 2729; baseline 0 -1"><span class='ocrx_word' id='word_1_270' title='bbox 406 2695 538 2729; x_wconf 69' lang='lat' dir='ltr'>tunc</span> <span class='ocrx_word' id='word_1_271' title='bbox 563 2715 577 2728; x_wconf 90' lang='lat'><strong>.</strong></span> 
     </span>
    </p>

    <p class='ocr_par' dir='ltr' id='par_1_4' title="bbox 463 2748 1990 2823">
     <span class='ocr_line' id='line_1_38' title="bbox 463 2748 1990 2823; baseline 0.004 -23"><span class='ocrx_word' id='word_1_272' title='bbox 463 2748 618 2803; x_wconf 82' lang='lat' dir='ltr'><strong>XIII.</strong></span> <span class='ocrx_word' id='word_1_273' title='bbox 693 2750 1081 2805; x_wconf 82' lang='lat' dir='ltr'>Calceamenta</span> <span class='ocrx_word' id='word_1_274' title='bbox 1102 2789 1118 2813; x_wconf 88' lang='lat'>‚</span> <span class='ocrx_word' id='word_1_275' title='bbox 1159 2752 1208 2804; x_wconf 64' lang='grc' dir='ltr'>δέ</span> <span class='ocrx_word' id='word_1_276' title='bbox 1232 2753 1434 2820; x_wconf 84' lang='lat' dir='ltr'>Caligae</span> <span class='ocrx_word' id='word_1_277' title='bbox 1459 2778 1490 2816; x_wconf 91' lang='lat'>‚·</span> <span class='ocrx_word' id='word_1_278' title='bbox 1514 2755 1565 2807; x_wconf 65' lang='grc' dir='ltr'>ὃς</span> <span class='ocrx_word' id='word_1_279' title='bbox 1598 2768 1990 2823; x_wconf 53' lang='grc' dir='ltr'>φικειιτηᾳυυ</span> 
     </span>
    </p>
   </div>
   <div class='ocr_carea' id='block_1_2' title="bbox 389 2816 1986 2963">
    <p class='ocr_par' dir='ltr' id='par_1_5' title="bbox 389 2816 1986 2963">
     <span class='ocr_line' id='line_1_39' title="bbox 389 2816 1986 2903; baseline 0.003 -32"><span class='ocrx_word' id='word_1_280' title='bbox 389 2816 504 2871; x_wconf 66' lang='lat' dir='ltr'>‘alia</span> <span class='ocrx_word' id='word_1_281' title='bbox 529 2854 547 2882; x_wconf 91' lang='lat'><em>‚</em></span> <span class='ocrx_word' id='word_1_282' title='bbox 589 2820 676 2875; x_wconf 83' lang='lat' dir='ltr'>vel</span> <span class='ocrx_word' id='word_1_283' title='bbox 705 2821 955 2877; x_wconf 87' lang='lat' dir='ltr'>Crurium</span> <span class='ocrx_word' id='word_1_284' title='bbox 991 2859 1009 2891; x_wconf 91' lang='lat'>‚</span> <span class='ocrx_word' id='word_1_285' title='bbox 1047 2824 1132 2881; x_wconf 85' lang='lat' dir='ltr'>vel</span> <span class='ocrx_word' id='word_1_286' title='bbox 1175 2825 1374 2894; x_wconf 86' lang='lat' dir='ltr'>pedum</span> <span class='ocrx_word' id='word_1_287' title='bbox 1414 2827 1750 2893; x_wconf 84' lang='lat' dir='ltr'>operimenta</span> <span class='ocrx_word' id='word_1_288' title='bbox 1785 2822 1986 2903; x_wconf 80' lang='lat' dir='ltr'>eodem</span> 
     </span>
     <span class='ocr_line' id='line_1_40' title="bbox 1759 2909 1919 2963; baseline -0.013 -18"><span class='ocrx_word' id='word_1_289' title='bbox 1759 2909 1919 2963; x_wconf 69' lang='lat' dir='ltr'>vigo-⁷</span> 
     </span>
    </p>
   </div>
  </div>
 </body>
</html>
