2143 3084
396 124 499 168 ³06

385 208 470 249 40·
546 185 890 238 Renovantur
911 185 1121 238 Statuta
1129 186 1497 262 praecipientia
1516 223 1534 250 ‚
1571 192 1628 241 ut
1656 188 1893 248 Sabbatis

319 275 424 312 non
450 256 725 320 impeditis
749 266 993 307 cantetur
1011 253 1166 308 Missa
1187 257 1434 311 solemnis
1456 260 1520 310 de
1547 255 1900 311 Immaculata

318 325 760 394 Conceptione‚&
783 324 1104 377 innovantur
1122 327 1289 381 etiam
1310 343 1476 394 poenae
1493 328 1693 382 sancite
1713 338 1902 380 contra

318 397 769 452 inobservantiam
791 393 1057 447 dictorum
1079 397 1451 450 Statutorum.

356 480 474 533 41.
548 466 792 520 Patribus
814 463 1371 519 Vice-Commiflariis
1388 467 1773 533 GeneralibuS,
1807 468 1896 534 qui

316 554 425 590 non
450 548 624 588 totam
648 534 972 597 Familiam,
1006 533 1089 585 sed
1129 552 1294 588 unum
1331 540 1543 590 tantum
1566 540 1908 589 membrum-2

317 609 431 669 ejus
455 606 519 659 ad
541 606 814 659 biennium
851 605 1179 669 completum
1223 609 1634 674 gubernabunt,
1669 605 1902 658 servatur

319 679 534 754 expleto
554 674 755 730 Officio
777 675 964 726 titulus
990 644 1430 728 Reverendiffimi
1455 714 1471 739 ‚
1515 692 1619 741 quo
1646 676 1810 727 etiam
1851 674 1907 724 in

320 744 512 799 actuali
536 761 758 797 munere
778 742 895 805 uti,
936 745 985 795 ὃς
1008 744 1113 795 frui
1129 743 1394 806 debeant,
1437 748 1487 799 ὅ(
1507 744 1793 820 affignatur
1817 759 1910 809 pro

319 817 408 870 sua
429 813 786 898 graduatione
808 814 955 865 Iocus
979 812 1329 866 immediatae
1352 818 1460 882 post
1480 810 1819 867 Commissat
1809 828 1911 873 ιωε,

323 888 374 938 ἃ
392 889 559 939 etiam
585 888 692 952 post
709 881 1280 937 Vice-Commissaiios
1302 887 1469 937 totius
1490 883 1748 947 Familiae,
1762 884 1798 933 fi
1819 881 1908 950 qui

324 959 568 1009 fuerim.

348 1063 350 1066 ψ
398 1046 489 1092 42.
528 1024 635 1077 Ut
658 1021 856 1077 Officia
886 1039 981 1089 per
1001 1019 1423 1076 Definitorinm
1408 1042 1467 1077 in
1485 1022 1784 1077 Provinciis
1800 1022 1913 1074 col⁴

334 1100 441 1149 lata
468 1095 653 1161 absque
676 1094 919 1161 legitima
942 1092 1108 1145 Cauta
1148 1096 1214 1144 ab
1231 1093 1424 1146 eodem
1446 1092 1771 1167 Definitorio
1790 1109 1920 1160 pro-

332 1167 503 1227 banda
542 1180 648 1215 non
668 1163 1007 1222 recusentur,
1048 1161 1276 1228 primum
1314 1163 1607 1231 injungitur
1622 1159 1918 1227 aflumptis

333 1237 398 1288 ad
429 1235 564 1302 ipsa,
585 1247 638 1285 ut
663 1250 725 1285 ea
750 1243 1063 1297 acceptent,
1103 1244 1219 1282 tum
1239 1234 1534 1286 inculcatur
1555 1230 1923 1299 Superioribus

335 1306 782 1366 Provinciarum,
820 1313 880 1352 ut
896 1317 985 1367 per
1008 1316 1192 1366 poenas
1219 1304 1308 1352 fibi
1331 1318 1386 1353 ar
1394 1305 1641 1355 bitrarias
1684 1300 1751 1353 ad
1770 1317 1928 1354 acce·

337 1376 634 1439 prationem
653 1373 893 1424 debitam
912 1369 1125 1422 eosdem
1147 1383 1381 1438 cogant,
1401 1388 1459 1423 ac
1480 1372 1699 1424 demum
1720 1369 1920 1423 eisdem

338 1443 705 1510 Superiori-bus
724 1439 1031 1501 mandatur,
1055 1452 1111 1490 ut
1134 1439 1675 1508 ιεἰιςιιειιιιςςΟίΕεΙει
1698 1441 1787 1491 fibi
1807 1441 1928 1491 coi·

338 1513 450 1566 lata
474 1524 686 1566 remoto
707 1511 855 1562 omui
877 1519 1138 1576 praetextu
1159 1545 1180 1570 ‚.
1210 1510 1259 1561 8<
1280 1512 1612 1563 excusatione
1636 1510 1932 1562 infallibili.-

339 1596 424 1633 ter
445 1600 473 1635 a
493 1584 626 1634 locis
650 1590 941 1633 amoveant
959 1581 1045 1641 ‚in
1066 1579 1250 1644 quibus
1276 1581 1696 1645 permanebant,
1722 1580 1772 1631 84
1790 1596 1930 1646 quo-

334 1651 661 1720 tiescumque
699 1649 814 1714 quis
853 1650 918 1700 ab
956 1665 1063 1699 uno
1103 1647 1388 1701 Conventa
1427 1649 1494 1701 ad
1533 1650 1699 1700 alium
1739 1650 1924 1701 tranfit

334 1722 843 1789 quomodocumque
865 1717 931 1768 de
951 1717 1219 1781 Familia,
1260 1733 1349 1771 aut
1385 1721 1550 1787 longo
1572 1730 1819 1785 tempore
1852 1718 1927 1771 ibi

334 1792 673 1844 habitaturus
698 1825 720 1850 ,
738 1785 1038 1855 ptaecipitur
1061 1787 1170 1854 ipfi,
1192 1800 1249 1840 ut
1272 1789 1554 1868 Cellam,a
1573 1804 1672 1853 qua
1695 1788 1925 1851 receffit,

331 1860 731 1913 Communitati
768 1859 1039 1926 resignet,
1079 1873 1264 1922 poenas
1299 1860 1430 1912 alias
1470 1860 1527 1911 in
1547 1857 1928 1925 proprietarios

325 1931 556 1984 sancitas
580 1929 850 1982 subiturus
867 1897 941 1980 ad
962 1926 1246 1981 arbitrium
1266 1928 1565 1995 Superioris
1585 1929 1795 1980 Localis
1824 1964 1842 1977 .

396 2020 486 2067 43
563 2001 708 2052 Dum
729 2000 945 2051 Statuta
964 1996 1242 2065 generalia·
1261 1997 1591 2064 praescribunt
1614 2034 1634 2059 ,
1652 1996 1795 2066 quod·
1820 2000 1931 2065 post

325 2073 533 2125 trinam
557 2085 742 2135 parem
760 2067 1204 2120 ballottationem-
1230 2067 1406 2133 praeses
1426 2080 1606 2120 utatur
1630 2080 1760 2120 voto
1779 2067 1933 2120 deci-

323 2144 438 2197 sivo
459 2176 476 2200 ,
524 2140 830 2191 declaratur
851 2137 919 2190 de
943 2137 1082 2189 trina
1105 2138 1482 2191 ballottatione
1522 2136 1680 2206 supra
1695 2131 1930 2190 eundem

329 2209 562 2263 cadente
589 2206 944 2285 intelligenda
964 2205 1100 2259 efle-

357 2298 494 2345 44
566 2279 627 2330 In
651 2276 950 2331 Provinciis
970 2277 1282 2330 habentibus
1312 2293 1376 2329 ex
1409 2277 1723 2331 austeritate
1744 2259 1929 2346 tegiti-

319 2368 415 2404 ma
438 2349 791 2404 alternativas
817 2348 1098 2409 statuitur,
1135 2358 1190 2398 ut
1213 2347 1536 2399 deficiente
1519 2365 1573 2401 tn
1594 2346 1925 2402 Definitorio

321 2422 512 2485 aliquo
536 2419 699 2471 Patre
715 2455 733 2480 ‚
756 2432 863 2468 non
881 2416 1190 2485 iubrogetur
1215 2417 1338 2467 loco
1361 2418 1515 2485 ipsius
1537 2420 1692 2471 Pater
1709 2419 1923 2482 dignior

312 2491 383 2544 Pr
402 2489 627 2611 oycilnciae·
652 2527 672 2553 ,
704 2487 792 2539 sed
815 2487 1030 2557 dignior
1067 2487 1210 2540 illius
1238 2488 1404 2554 partis
1425 2524 1446 2551 ,
1482 2491 1538 2541 in
1577 2505 1679 2552 qua-
1698 2488 1925 2541 defeetio

315 2575 387 2613 ac
408 2576 456 2612 ct
501 2570 542 2613 rt
564 2595 580 2609 .

406 2645 499 2694 45.
571 2626 686 2694 Qi
725 2642 834 2694 per
869 2626 1176 2679 sexennium
1210 2626 1526 2679 continuum
1583 2628 1928 2707 laudabiliter

313 2697 374 2751 fu
397 2700 540 2751 erint
563 2697 778 2750 secundi
796 2697 1039 2764 Magistri
1063 2696 1455 2758 Novitiorum,
1491 2698 1618 2768 eligi
1642 2699 1832 2765 poffint
1871 2698 1926 2752 iu

321 2785 361 2839 Ρ
377 2768 547 2823 timos
571 2767 853 2839 Magistros
877 2764 1193 2822 eorumdem
1215 2800 1237 2831 2
1268 2767 1475 2822 etiamst
1496 2768 1730 2823 triennio
1751 2770 1926 2822 Guar-

1708 2839 1856 2891 eliani
