<?xml version="1.0" encoding="UTF-8"?>
<!DOCTYPE html PUBLIC "-//W3C//DTD XHTML 1.0 Transitional//EN"
    "http://www.w3.org/TR/xhtml1/DTD/xhtml1-transitional.dtd">
<html xmlns="http://www.w3.org/1999/xhtml" xml:lang="en" lang="en">
 <head>
  <title>
</title>
<meta http-equiv="Content-Type" content="text/html;charset=utf-8" />
  <meta name='ocr-system' content='tesseract 3.04.00' />
  <meta name='ocr-capabilities' content='ocr_page ocr_carea ocr_par ocr_line ocrx_word'/>
</head>
<body>
  <div class='ocr_page' id='page_1' title='image "./capitulumgeneral00fran_0083.png"; bbox 0 0 2143 3084; ppageno 0'>
   <div class='ocr_carea' id='block_1_1' title="bbox 155 157 1728 274">
    <p class='ocr_par' dir='ltr' id='par_1_1' title="bbox 155 157 1728 274">
     <span class='ocr_line' id='line_1_1' title="bbox 155 157 1728 274; baseline -0.001 -16"><span class='ocrx_word' id='word_1_1' title='bbox 155 204 523 274; x_wconf 80' lang='lat' dir='ltr'>p1·aeseferunt‚&#39;</span> <span class='ocrx_word' id='word_1_2' title='bbox 559 199 780 255; x_wconf 77' lang='lat' dir='ltr'>omnino</span> <span class='ocrx_word' id='word_1_3' title='bbox 824 202 1111 257; x_wconf 72' lang='lat' dir='ltr'><strong>reforment</strong></span> <span class='ocrx_word' id='word_1_4' title='bbox 1134 213 1289 272; x_wconf 86' lang='lat' dir='ltr'>prout</span> <span class='ocrx_word' id='word_1_5' title='bbox 1311 201 1339 259; x_wconf 70' lang='lat' dir='ltr'>a</span> <span class='ocrx_word' id='word_1_6' title='bbox 1364 203 1540 271; x_wconf 80' lang='lat' dir='ltr'>Capit.</span> <span class='ocrx_word' id='word_1_7' title='bbox 1569 157 1728 259; x_wconf 47' lang='lat' dir='ltr'>{giis</span> 
     </span>
    </p>
   </div>
   <div class='ocr_carea' id='block_1_2' title="bbox 156 271 1760 2900">
    <p class='ocr_par' dir='ltr' id='par_1_2' title="bbox 156 271 1740 1313">
     <span class='ocr_line' id='line_1_2' title="bbox 163 271 1738 342; baseline 0.001 -15"><span class='ocrx_word' id='word_1_8' title='bbox 163 295 316 342; x_wconf 81' lang='lat'>1304.</span> <span class='ocrx_word' id='word_1_9' title='bbox 335 275 603 325; x_wconf 89' lang='lat' dir='ltr'>Statutum</span> <span class='ocrx_word' id='word_1_10' title='bbox 638 271 737 325; x_wconf 81' lang='lat' dir='ltr'>fuit</span> <span class='ocrx_word' id='word_1_11' title='bbox 762 273 944 325; x_wconf 82' lang='lat' dir='ltr'>addita</span> <span class='ocrx_word' id='word_1_12' title='bbox 966 277 1020 324; x_wconf 89' lang='lat' dir='ltr'>in</span> <span class='ocrx_word' id='word_1_13' title='bbox 1043 277 1333 329; x_wconf 67' lang='lat' dir='ltr'>Auctorem</span> <span class='ocrx_word' id='word_1_14' title='bbox 1366 276 1591 341; x_wconf 81' lang='lat' dir='ltr'>ipsorum</span> <span class='ocrx_word' id='word_1_15' title='bbox 1615 274 1738 342; x_wconf 60' lang='lat' dir='ltr'>pri-4</span> 
     </span>
     <span class='ocr_line' id='line_1_3' title="bbox 156 339 1718 413; baseline -0.001 -14"><span class='ocrx_word' id='word_1_16' title='bbox 156 347 375 399; x_wconf 80' lang='lat' dir='ltr'>vatione</span> <span class='ocrx_word' id='word_1_17' title='bbox 398 339 609 393; x_wconf 63' lang='lat' dir='ltr'>actuum</span> <span class='ocrx_word' id='word_1_18' title='bbox 646 344 1015 412; x_wconf 81' lang='lat' dir='ltr'>legitimorum</span> <span class='ocrx_word' id='word_1_19' title='bbox 1042 381 1055 394; x_wconf 90' lang='lat'><strong>.</strong></span> <span class='ocrx_word' id='word_1_20' title='bbox 1095 346 1397 413; x_wconf 71' lang='lat' dir='ltr'>Iniungitur</span> <span class='ocrx_word' id='word_1_21' title='bbox 1419 344 1584 398; x_wconf 89' lang='lat' dir='ltr'>etiam</span> <span class='ocrx_word' id='word_1_22' title='bbox 1607 381 1621 406; x_wconf 92' lang='lat'>‚</span> <span class='ocrx_word' id='word_1_23' title='bbox 1662 359 1718 398; x_wconf 88' lang='lat' dir='ltr'>ut</span> 
     </span>
     <span class='ocr_line' id='line_1_4' title="bbox 160 411 1714 481; baseline -0.001 -13"><span class='ocrx_word' id='word_1_24' title='bbox 160 415 314 468; x_wconf 85' lang='lat' dir='ltr'>nullae</span> <span class='ocrx_word' id='word_1_25' title='bbox 357 411 571 477; x_wconf 75' lang='lat' dir='ltr'>prIVatae</span> <span class='ocrx_word' id='word_1_26' title='bbox 609 414 856 465; x_wconf 83' lang='lat' dir='ltr'>Fratrum</span> <span class='ocrx_word' id='word_1_27' title='bbox 901 414 1260 473; x_wconf 72' lang='lat' dir='ltr'>habitationes</span> <span class='ocrx_word' id='word_1_28' title='bbox 1282 455 1297 479; x_wconf 93' lang='lat'>‚</span> <span class='ocrx_word' id='word_1_29' title='bbox 1335 415 1419 467; x_wconf 83' lang='lat' dir='ltr'>vel</span> <span class='ocrx_word' id='word_1_30' title='bbox 1479 416 1714 481; x_wconf 87' lang='lat' dir='ltr'>pluribus</span> 
     </span>
     <span class='ocr_line' id='line_1_5' title="bbox 162 479 1723 552; baseline -0.001 -17"><span class='ocrx_word' id='word_1_31' title='bbox 162 484 399 536; x_wconf 88' lang='lat' dir='ltr'>constent</span> <span class='ocrx_word' id='word_1_32' title='bbox 429 479 598 533; x_wconf 85' lang='lat' dir='ltr'>Cellis</span> <span class='ocrx_word' id='word_1_33' title='bbox 624 519 639 543; x_wconf 90' lang='lat'>,</span> <span class='ocrx_word' id='word_1_34' title='bbox 678 484 762 534; x_wconf 81' lang='lat' dir='ltr'>vel</span> <span class='ocrx_word' id='word_1_35' title='bbox 786 483 966 548; x_wconf 84' lang='lat' dir='ltr'>aliquo</span> <span class='ocrx_word' id='word_1_36' title='bbox 987 501 1091 536; x_wconf 90' lang='lat' dir='ltr'>uno</span> <span class='ocrx_word' id='word_1_37' title='bbox 1127 484 1296 552; x_wconf 85' lang='lat' dir='ltr'>spatio</span> <span class='ocrx_word' id='word_1_38' title='bbox 1318 485 1369 536; x_wconf 90' lang='lat' dir='ltr'>in</span> <span class='ocrx_word' id='word_1_39' title='bbox 1393 484 1567 549; x_wconf 88' lang='lat' dir='ltr'>plures</span> <span class='ocrx_word' id='word_1_40' title='bbox 1590 485 1723 545; x_wconf 44' lang='lat' dir='ltr'>Cela</span> 
     </span>
     <span class='ocr_line' id='line_1_6' title="bbox 163 550 1723 620; baseline 0 -16"><span class='ocrx_word' id='word_1_41' title='bbox 163 555 239 604; x_wconf 83' lang='lat' dir='ltr'>las</span> <span class='ocrx_word' id='word_1_42' title='bbox 276 550 566 602; x_wconf 87' lang='lat' dir='ltr'>commode</span> <span class='ocrx_word' id='word_1_43' title='bbox 611 551 858 606; x_wconf 84' lang='lat' dir='ltr'>divifibili</span> <span class='ocrx_word' id='word_1_44' title='bbox 881 588 896 612; x_wconf 91' lang='lat'>‚</span> <span class='ocrx_word' id='word_1_45' title='bbox 935 554 1241 620; x_wconf 80' lang='lat' dir='ltr'><strong>magisque,</strong></span> <span class='ocrx_word' id='word_1_46' title='bbox 1278 566 1335 607; x_wconf 90' lang='lat' dir='ltr'>ut</span> <span class='ocrx_word' id='word_1_47' title='bbox 1377 571 1544 620; x_wconf 85' lang='lat' dir='ltr'>neque</span> <span class='ocrx_word' id='word_1_48' title='bbox 1578 571 1723 608; x_wconf 72' lang='lat' dir='ltr'>mar-</span> 
     </span>
     <span class='ocr_line' id='line_1_7' title="bbox 161 620 1721 689; baseline 0.003 -16"><span class='ocrx_word' id='word_1_49' title='bbox 161 620 386 673; x_wconf 84' lang='lat' dir='ltr'>moratis</span> <span class='ocrx_word' id='word_1_50' title='bbox 408 655 424 679; x_wconf 87' lang='lat'>‚</span> <span class='ocrx_word' id='word_1_51' title='bbox 465 636 633 686; x_wconf 87' lang='lat' dir='ltr'>neque</span> <span class='ocrx_word' id='word_1_52' title='bbox 659 623 869 686; x_wconf 64' lang='lat' dir='ltr'>picturis</span> <span class='ocrx_word' id='word_1_53' title='bbox 893 634 1090 674; x_wconf 60' lang='lat' dir='ltr'>ornatae</span> <span class='ocrx_word' id='word_1_54' title='bbox 1114 625 1244 684; x_wconf 77' lang='lat' dir='ltr'>lint,</span> <span class='ocrx_word' id='word_1_55' title='bbox 1281 640 1450 689; x_wconf 86' lang='lat' dir='ltr'>neque</span> <span class='ocrx_word' id='word_1_56' title='bbox 1484 625 1587 675; x_wconf 86' lang='lat' dir='ltr'>alia</span> <span class='ocrx_word' id='word_1_57' title='bbox 1612 626 1721 677; x_wconf 86' lang='lat' dir='ltr'>ulla</span> 
     </span>
     <span class='ocr_line' id='line_1_8' title="bbox 159 691 1732 760; baseline 0.002 -18"><span class='ocrx_word' id='word_1_58' title='bbox 159 692 415 742; x_wconf 60' lang='lat' dir='ltr'>structura</span> <span class='ocrx_word' id='word_1_59' title='bbox 438 726 454 750; x_wconf 93' lang='lat'>‚</span> <span class='ocrx_word' id='word_1_60' title='bbox 490 691 574 742; x_wconf 91' lang='lat' dir='ltr'>vel</span> <span class='ocrx_word' id='word_1_61' title='bbox 600 708 653 742; x_wconf 87' lang='lat' dir='ltr'>re</span> <span class='ocrx_word' id='word_1_62' title='bbox 676 695 854 743; x_wconf 84' lang='lat' dir='ltr'>nostrae</span> <span class='ocrx_word' id='word_1_63' title='bbox 881 695 1142 745; x_wconf 75' lang='lat' dir='ltr'>contraria</span> <span class='ocrx_word' id='word_1_64' title='bbox 1163 694 1455 744; x_wconf 79' lang='lat' dir='ltr'>humilitati</span> <span class='ocrx_word' id='word_1_65' title='bbox 1481 729 1495 752; x_wconf 91' lang='lat'>‚</span> <span class='ocrx_word' id='word_1_66' title='bbox 1535 693 1587 744; x_wconf 51' lang='grc' dir='ltr'>ξε</span> <span class='ocrx_word' id='word_1_67' title='bbox 1608 711 1732 760; x_wconf 62' lang='grc' dir='ltr'>ως-</span> 
     </span>
     <span class='ocr_line' id='line_1_9' title="bbox 163 759 1722 828; baseline 0.002 -17"><span class='ocrx_word' id='word_1_68' title='bbox 163 761 353 826; x_wconf 82' lang='lat' dir='ltr'>cipitur</span> <span class='ocrx_word' id='word_1_69' title='bbox 371 775 462 824; x_wconf 87' lang='lat' dir='ltr'>per</span> <span class='ocrx_word' id='word_1_70' title='bbox 481 759 721 812; x_wconf 35' lang='lat' dir='ltr'>Samiam</span> <span class='ocrx_word' id='word_1_71' title='bbox 746 761 1130 813; x_wconf 87' lang='lat' dir='ltr'>Obedientiam</span> <span class='ocrx_word' id='word_1_72' title='bbox 1152 775 1261 814; x_wconf 88' lang='lat' dir='ltr'>tarn</span> <span class='ocrx_word' id='word_1_73' title='bbox 1288 761 1540 823; x_wconf 83' lang='lat' dir='ltr'>SubditiS‚</span> <span class='ocrx_word' id='word_1_74' title='bbox 1561 780 1722 828; x_wconf 85' lang='lat' dir='ltr'>quam</span> 
     </span>
     <span class='ocr_line' id='line_1_10' title="bbox 163 821 1730 898; baseline -0.001 -17"><span class='ocrx_word' id='word_1_75' title='bbox 163 830 528 896; x_wconf 78' lang='lat' dir='ltr'>Superioribus</span> <span class='ocrx_word' id='word_1_76' title='bbox 554 821 830 881; x_wconf 63' lang='lat' dir='ltr'>anfediffis</span> <span class='ocrx_word' id='word_1_77' title='bbox 855 867 870 891; x_wconf 88' lang='lat'>‚</span> <span class='ocrx_word' id='word_1_78' title='bbox 911 838 1034 884; x_wconf 86' lang='lat' dir='ltr'>utin</span> <span class='ocrx_word' id='word_1_79' title='bbox 1055 830 1327 898; x_wconf 79' lang='lat' dir='ltr'>praemiflis</span> <span class='ocrx_word' id='word_1_80' title='bbox 1369 832 1615 883; x_wconf 87' lang='lat' dir='ltr'>omnibus</span> <span class='ocrx_word' id='word_1_81' title='bbox 1637 849 1730 898; x_wconf 86' lang='lat' dir='ltr'>ap-</span> 
     </span>
     <span class='ocr_line' id='line_1_11' title="bbox 160 898 1727 968; baseline 0.003 -19"><span class='ocrx_word' id='word_1_82' title='bbox 160 911 360 968; x_wconf 80' lang='lat' dir='ltr'>ponant</span> <span class='ocrx_word' id='word_1_83' title='bbox 382 898 557 950; x_wconf 87' lang='lat' dir='ltr'>statim</span> <span class='ocrx_word' id='word_1_84' title='bbox 583 899 883 950; x_wconf 88' lang='lat' dir='ltr'>remedium</span> <span class='ocrx_word' id='word_1_85' title='bbox 908 916 1220 964; x_wconf 86' lang='lat' dir='ltr'>permanens</span> <span class='ocrx_word' id='word_1_86' title='bbox 1238 937 1254 963; x_wconf 92' lang='lat'>,</span> <span class='ocrx_word' id='word_1_87' title='bbox 1275 900 1324 951; x_wconf 60' lang='lat' dir='ltr'>St</span> <span class='ocrx_word' id='word_1_88' title='bbox 1347 913 1727 965; x_wconf 87' lang='lat' dir='ltr'>opportunum,</span> 
     </span>
     <span class='ocr_line' id='line_1_12' title="bbox 165 967 1723 1032; baseline -0.001 -11"><span class='ocrx_word' id='word_1_89' title='bbox 165 970 249 1021; x_wconf 90' lang='lat' dir='ltr'>cui</span> <span class='ocrx_word' id='word_1_90' title='bbox 292 969 323 1019; x_wconf 85' lang='lat' dir='ltr'>fi</span> <span class='ocrx_word' id='word_1_91' title='bbox 362 967 566 1019; x_wconf 86' lang='lat' dir='ltr'>Subditi</span> <span class='ocrx_word' id='word_1_92' title='bbox 604 967 875 1029; x_wconf 76' lang='lat' dir='ltr'>mediate,</span> <span class='ocrx_word' id='word_1_93' title='bbox 915 971 997 1020; x_wconf 86' lang='lat' dir='ltr'>vel</span> <span class='ocrx_word' id='word_1_94' title='bbox 1041 970 1354 1022; x_wconf 71' lang='lat' dir='ltr'>immediate</span> <span class='ocrx_word' id='word_1_95' title='bbox 1397 971 1723 1032; x_wconf 84' lang='lat' dir='ltr'>restiterint,</span> 
     </span>
     <span class='ocr_line' id='line_1_13' title="bbox 166 1037 1732 1107; baseline 0.001 -17"><span class='ocrx_word' id='word_1_96' title='bbox 166 1039 276 1105; x_wconf 85' lang='lat' dir='ltr'>ipso</span> <span class='ocrx_word' id='word_1_97' title='bbox 294 1037 429 1088; x_wconf 68' lang='lat' dir='ltr'>facto</span> <span class='ocrx_word' id='word_1_98' title='bbox 450 1038 1067 1089; x_wconf 82' lang='lat' dir='ltr'>excommunicationem</span> <span class='ocrx_word' id='word_1_99' title='bbox 1093 1040 1365 1091; x_wconf 84' lang='lat' dir='ltr'>incurrant</span> <span class='ocrx_word' id='word_1_100' title='bbox 1382 1039 1568 1107; x_wconf 81' lang='lat' dir='ltr'>absque</span> <span class='ocrx_word' id='word_1_101' title='bbox 1592 1040 1732 1093; x_wconf 79' lang='lat' dir='ltr'>ulte-</span> 
     </span>
     <span class='ocr_line' id='line_1_14' title="bbox 169 1106 1733 1173; baseline 0 -12"><span class='ocrx_word' id='word_1_102' title='bbox 169 1109 299 1161; x_wconf 83' lang='lat' dir='ltr'>riori</span> <span class='ocrx_word' id='word_1_103' title='bbox 319 1109 423 1159; x_wconf 89' lang='lat' dir='ltr'>alia</span> <span class='ocrx_word' id='word_1_104' title='bbox 443 1107 805 1158; x_wconf 83' lang='lat' dir='ltr'>declaratione</span> <span class='ocrx_word' id='word_1_105' title='bbox 830 1143 844 1167; x_wconf 86' lang='lat'>‚</span> <span class='ocrx_word' id='word_1_106' title='bbox 887 1106 937 1157; x_wconf 65' lang='grc' dir='ltr'>δε</span> <span class='ocrx_word' id='word_1_107' title='bbox 963 1110 997 1157; x_wconf 81' lang='lat' dir='ltr'>si</span> <span class='ocrx_word' id='word_1_108' title='bbox 1015 1109 1319 1173; x_wconf 86' lang='lat' dir='ltr'>Superiores</span> <span class='ocrx_word' id='word_1_109' title='bbox 1342 1108 1643 1171; x_wconf 86' lang='lat' dir='ltr'>defuerint,</span> <span class='ocrx_word' id='word_1_110' title='bbox 1682 1110 1733 1161; x_wconf 59' lang='grc' dir='ltr'>ἃ</span> 
     </span>
     <span class='ocr_line' id='line_1_15' title="bbox 168 1175 1740 1243; baseline 0.003 -14"><span class='ocrx_word' id='word_1_111' title='bbox 168 1175 596 1230; x_wconf 80' lang='lat' dir='ltr'>irremiffibiliter</span> <span class='ocrx_word' id='word_1_112' title='bbox 619 1211 634 1236; x_wconf 91' lang='lat'>‚</span> <span class='ocrx_word' id='word_1_113' title='bbox 675 1176 726 1228; x_wconf 70' lang='lat' dir='ltr'>&amp;c</span> <span class='ocrx_word' id='word_1_114' title='bbox 771 1176 1039 1243; x_wconf 82' lang='lat' dir='ltr'>gradatim</span> <span class='ocrx_word' id='word_1_115' title='bbox 1081 1178 1146 1229; x_wconf 90' lang='lat' dir='ltr'>ad</span> <span class='ocrx_word' id='word_1_116' title='bbox 1180 1179 1408 1230; x_wconf 85' lang='lat' dir='ltr'>aliorum</span> <span class='ocrx_word' id='word_1_117' title='bbox 1438 1180 1740 1239; x_wconf 69' lang='lat' dir='ltr'>majorum-.-</span> 
     </span>
     <span class='ocr_line' id='line_1_16' title="bbox 171 1246 804 1313; baseline -0.009 -12"><span class='ocrx_word' id='word_1_118' title='bbox 171 1247 452 1302; x_wconf 87' lang='lat' dir='ltr'>arbitrium</span> <span class='ocrx_word' id='word_1_119' title='bbox 479 1246 764 1313; x_wconf 84' lang='lat' dir='ltr'>puniantur</span> <span class='ocrx_word' id='word_1_120' title='bbox 791 1283 804 1295; x_wconf 90' lang='lat'><strong>.</strong></span> 
     </span>
    </p>

    <p class='ocr_par' dir='ltr' id='par_1_3' title="bbox 163 1314 1749 1936">
     <span class='ocr_line' id='line_1_17' title="bbox 163 1314 1734 1380; baseline 0 -11"><span class='ocrx_word' id='word_1_121' title='bbox 163 1346 167 1350; x_wconf 91' lang='lat'><em>-</em></span> <span class='ocrx_word' id='word_1_122' title='bbox 240 1316 440 1369; x_wconf 91' lang='lat' dir='ltr'>XXVI.</span> <span class='ocrx_word' id='word_1_123' title='bbox 515 1314 566 1366; x_wconf 91' lang='lat' dir='ltr'>Si</span> <span class='ocrx_word' id='word_1_124' title='bbox 601 1316 715 1379; x_wconf 86' lang='lat' dir='ltr'>quis</span> <span class='ocrx_word' id='word_1_125' title='bbox 757 1315 937 1374; x_wconf 75' lang='lat' dir='ltr'>(quod</span> <span class='ocrx_word' id='word_1_126' title='bbox 977 1317 1141 1380; x_wconf 86' lang='lat' dir='ltr'>absit)</span> <span class='ocrx_word' id='word_1_127' title='bbox 1169 1318 1304 1371; x_wconf 78' lang='lat' dir='ltr'>adeo</span> <span class='ocrx_word' id='word_1_128' title='bbox 1329 1320 1618 1379; x_wconf 85' lang='lat' dir='ltr'>immemor</span> <span class='ocrx_word' id='word_1_129' title='bbox 1638 1318 1734 1371; x_wconf 83' lang='lat' dir='ltr'>suae</span> 
     </span>
     <span class='ocr_line' id='line_1_18' title="bbox 171 1383 1733 1449; baseline 0.001 -10"><span class='ocrx_word' id='word_1_130' title='bbox 171 1383 509 1439; x_wconf 85' lang='lat' dir='ltr'>Profeffionis</span> <span class='ocrx_word' id='word_1_131' title='bbox 551 1384 792 1436; x_wconf 79' lang='lat' dir='ltr'>extiterit</span> <span class='ocrx_word' id='word_1_132' title='bbox 815 1420 832 1445; x_wconf 87' lang='lat'>‚</span> <span class='ocrx_word' id='word_1_133' title='bbox 872 1399 927 1438; x_wconf 91' lang='lat' dir='ltr'>ut</span> <span class='ocrx_word' id='word_1_134' title='bbox 967 1387 1201 1440; x_wconf 77' lang='lat' dir='ltr'>mediate</span> <span class='ocrx_word' id='word_1_135' title='bbox 1220 1425 1235 1449; x_wconf 90' lang='lat'><strong>,</strong></span> <span class='ocrx_word' id='word_1_136' title='bbox 1277 1390 1356 1441; x_wconf 87' lang='lat' dir='ltr'>vel</span> <span class='ocrx_word' id='word_1_137' title='bbox 1416 1388 1733 1441; x_wconf 74' lang='lat' dir='ltr'>immediate</span> 
     </span>
     <span class='ocr_line' id='line_1_19' title="bbox 172 1453 1745 1524; baseline 0.001 -17"><span class='ocrx_word' id='word_1_138' title='bbox 172 1466 418 1507; x_wconf 79' lang='lat' dir='ltr'>exerceat</span> <span class='ocrx_word' id='word_1_139' title='bbox 445 1466 804 1505; x_wconf 86' lang='lat' dir='ltr'>mercaturam</span> <span class='ocrx_word' id='word_1_140' title='bbox 828 1491 844 1516; x_wconf 92' lang='lat'>,</span> <span class='ocrx_word' id='word_1_141' title='bbox 884 1453 1120 1509; x_wconf 89' lang='lat' dir='ltr'>incurrat</span> <span class='ocrx_word' id='word_1_142' title='bbox 1141 1458 1243 1524; x_wconf 85' lang='lat' dir='ltr'>ipso</span> <span class='ocrx_word' id='word_1_143' title='bbox 1266 1459 1401 1508; x_wconf 58' lang='lat' dir='ltr'>facto</span> <span class='ocrx_word' id='word_1_144' title='bbox 1420 1475 1622 1522; x_wconf 84' lang='lat' dir='ltr'>paenam</span> <span class='ocrx_word' id='word_1_145' title='bbox 1649 1473 1745 1509; x_wconf 82' lang='lat' dir='ltr'>ex-</span> 
     </span>
     <span class='ocr_line' id='line_1_20' title="bbox 176 1523 1745 1593; baseline 0.003 -18"><span class='ocrx_word' id='word_1_146' title='bbox 176 1523 683 1575; x_wconf 85' lang='lat' dir='ltr'>communicationis</span> <span class='ocrx_word' id='word_1_147' title='bbox 703 1525 924 1585; x_wconf 82' lang='lat' dir='ltr'>majoris</span> <span class='ocrx_word' id='word_1_148' title='bbox 945 1563 961 1587; x_wconf 85' lang='lat'>‚</span> <span class='ocrx_word' id='word_1_149' title='bbox 1000 1527 1026 1576; x_wconf 66' lang='lat' dir='ltr'>a</span> <span class='ocrx_word' id='word_1_150' title='bbox 1047 1543 1167 1593; x_wconf 79' lang='lat' dir='ltr'>qua,</span> <span class='ocrx_word' id='word_1_151' title='bbox 1186 1526 1357 1579; x_wconf 90' lang='lat' dir='ltr'>donec</span> <span class='ocrx_word' id='word_1_152' title='bbox 1387 1543 1494 1587; x_wconf 83' lang='lat' dir='ltr'>non</span> <span class='ocrx_word' id='word_1_153' title='bbox 1518 1530 1567 1583; x_wconf 71' lang='lat' dir='ltr'>i&#39;e</span> <span class='ocrx_word' id='word_1_154' title='bbox 1597 1544 1745 1580; x_wconf 82' lang='lat' dir='ltr'>reve-</span> 
     </span>
     <span class='ocr_line' id='line_1_21' title="bbox 179 1592 1746 1661; baseline 0.003 -16"><span class='ocrx_word' id='word_1_155' title='bbox 179 1611 235 1646; x_wconf 84' lang='lat' dir='ltr'>ra</span> <span class='ocrx_word' id='word_1_156' title='bbox 258 1592 589 1652; x_wconf 82' lang='lat' dir='ltr'>correxerit,</span> <span class='ocrx_word' id='word_1_157' title='bbox 629 1608 717 1656; x_wconf 87' lang='lat' dir='ltr'>per</span> <span class='ocrx_word' id='word_1_158' title='bbox 761 1593 1033 1646; x_wconf 88' lang='lat' dir='ltr'>neminem</span> <span class='ocrx_word' id='word_1_159' title='bbox 1075 1597 1269 1649; x_wconf 83' lang='lat' dir='ltr'>absolvi</span> <span class='ocrx_word' id='word_1_160' title='bbox 1305 1595 1455 1661; x_wconf 84' lang='lat' dir='ltr'>possit</span> <span class='ocrx_word' id='word_1_161' title='bbox 1479 1635 1493 1660; x_wconf 89' lang='lat'>‚</span> <span class='ocrx_word' id='word_1_162' title='bbox 1532 1599 1746 1650; x_wconf 78' lang='lat' dir='ltr'>&amp;nihi-</span> 
     </span>
     <span class='ocr_line' id='line_1_22' title="bbox 176 1661 1746 1718; baseline 0.003 -6"><span class='ocrx_word' id='word_1_163' title='bbox 176 1664 410 1713; x_wconf 86' lang='lat' dir='ltr'>lominus</span> <span class='ocrx_word' id='word_1_164' title='bbox 433 1661 621 1711; x_wconf 83' lang='lat' dir='ltr'>ficitra</span> <span class='ocrx_word' id='word_1_165' title='bbox 643 1663 875 1712; x_wconf 85' lang='lat' dir='ltr'>notabile</span> <span class='ocrx_word' id='word_1_166' title='bbox 913 1661 1218 1714; x_wconf 85' lang='lat' dir='ltr'>scandalum</span> <span class='ocrx_word' id='word_1_167' title='bbox 1260 1666 1457 1716; x_wconf 84' lang='lat' dir='ltr'>institui</span> <span class='ocrx_word' id='word_1_168' title='bbox 1478 1667 1628 1718; x_wconf 85' lang='lat' dir='ltr'>causa</span> <span class='ocrx_word' id='word_1_169' title='bbox 1651 1668 1746 1717; x_wconf 59' lang='lat' dir='ltr'>iit-2</span> 
     </span>
     <span class='ocr_line' id='line_1_23' title="bbox 179 1730 1749 1801; baseline 0.001 -18"><span class='ocrx_word' id='word_1_170' title='bbox 179 1731 344 1796; x_wconf 80' lang='lat' dir='ltr'>ipsum</span> <span class='ocrx_word' id='word_1_171' title='bbox 366 1741 524 1796; x_wconf 85' lang='lat' dir='ltr'>queat</span> <span class='ocrx_word' id='word_1_172' title='bbox 546 1764 562 1789; x_wconf 90' lang='lat'>‚</span> <span class='ocrx_word' id='word_1_173' title='bbox 583 1730 916 1793; x_wconf 83' lang='lat' dir='ltr'>proprietarii</span> <span class='ocrx_word' id='word_1_174' title='bbox 937 1746 1138 1796; x_wconf 67' lang='lat' dir='ltr'>paenam</span> <span class='ocrx_word' id='word_1_175' title='bbox 1160 1733 1273 1783; x_wconf 87' lang='lat' dir='ltr'>luat</span> <span class='ocrx_word' id='word_1_176' title='bbox 1291 1734 1394 1784; x_wconf 83' lang='lat' dir='ltr'>fine</span> <span class='ocrx_word' id='word_1_177' title='bbox 1416 1735 1520 1786; x_wconf 85' lang='lat' dir='ltr'>ulla</span> <span class='ocrx_word' id='word_1_178' title='bbox 1543 1735 1749 1801; x_wconf 86' lang='lat' dir='ltr'>dispen-</span> 
     </span>
     <span class='ocr_line' id='line_1_24' title="bbox 178 1797 1749 1870; baseline 0.002 -19"><span class='ocrx_word' id='word_1_179' title='bbox 178 1801 378 1852; x_wconf 72' lang='lat' dir='ltr'>satione</span> <span class='ocrx_word' id='word_1_180' title='bbox 405 1838 419 1862; x_wconf 88' lang='lat'>‚</span> <span class='ocrx_word' id='word_1_181' title='bbox 457 1810 545 1850; x_wconf 88' lang='lat' dir='ltr'>aut</span> <span class='ocrx_word' id='word_1_182' title='bbox 569 1797 928 1851; x_wconf 87' lang='lat' dir='ltr'>diminutione</span> <span class='ocrx_word' id='word_1_183' title='bbox 951 1837 966 1862; x_wconf 90' lang='lat'>,</span> <span class='ocrx_word' id='word_1_184' title='bbox 1004 1800 1246 1868; x_wconf 81' lang='lat' dir='ltr'>vocisque</span> <span class='ocrx_word' id='word_1_185' title='bbox 1265 1802 1434 1865; x_wconf 70' lang='lat' dir='ltr'>active</span> <span class='ocrx_word' id='word_1_186' title='bbox 1456 1839 1472 1864; x_wconf 87' lang='lat'>,</span> <span class='ocrx_word' id='word_1_187' title='bbox 1513 1819 1572 1855; x_wconf 89' lang='lat' dir='ltr'>ac</span> <span class='ocrx_word' id='word_1_188' title='bbox 1596 1802 1749 1870; x_wconf 84' lang='lat' dir='ltr'>paffi-</span> 
     </span>
     <span class='ocr_line' id='line_1_25' title="bbox 179 1870 1193 1936; baseline 0 -14"><span class='ocrx_word' id='word_1_189' title='bbox 179 1888 253 1923; x_wconf 70' lang='lat' dir='ltr'>vce</span> <span class='ocrx_word' id='word_1_190' title='bbox 281 1870 564 1922; x_wconf 79' lang='lat' dir='ltr'>damnetur</span> <span class='ocrx_word' id='word_1_191' title='bbox 592 1879 839 1933; x_wconf 78' lang='lat' dir='ltr'>perpetua</span> <span class='ocrx_word' id='word_1_192' title='bbox 862 1870 1157 1936; x_wconf 89' lang='lat' dir='ltr'>privatione</span> <span class='ocrx_word' id='word_1_193' title='bbox 1180 1909 1193 1922; x_wconf 90' lang='lat'><strong>.</strong></span> 
     </span>
    </p>

    <p class='ocr_par' dir='ltr' id='par_1_4' title="bbox 176 1937 1760 2845">
     <span class='ocr_line' id='line_1_26' title="bbox 248 1937 1751 2008; baseline 0.005 -18"><span class='ocrx_word' id='word_1_194' title='bbox 248 1939 474 1994; x_wconf 77' lang='lat' dir='ltr'><strong>XXVII.</strong></span> <span class='ocrx_word' id='word_1_195' title='bbox 550 1937 838 1988; x_wconf 70' lang='lat' dir='ltr'>Provinciae</span> <span class='ocrx_word' id='word_1_196' title='bbox 863 1976 879 2000; x_wconf 90' lang='lat'>,</span> <span class='ocrx_word' id='word_1_197' title='bbox 906 1940 958 1990; x_wconf 90' lang='lat' dir='ltr'>in</span> <span class='ocrx_word' id='word_1_198' title='bbox 980 1941 1162 2006; x_wconf 80' lang='lat' dir='ltr'>quibus</span> <span class='ocrx_word' id='word_1_199' title='bbox 1187 1939 1441 1995; x_wconf 80' lang='lat' dir='ltr'>Lanificia</span> <span class='ocrx_word' id='word_1_200' title='bbox 1482 1956 1661 1997; x_wconf 69' lang='lat' dir='ltr'>extant</span> <span class='ocrx_word' id='word_1_201' title='bbox 1683 1941 1751 2008; x_wconf 78' lang='lat' dir='ltr'>ad</span> 
     </span>
     <span class='ocr_line' id='line_1_27' title="bbox 181 2008 1740 2074; baseline 0.003 -13"><span class='ocrx_word' id='word_1_202' title='bbox 181 2008 576 2061; x_wconf 83' lang='lat' dir='ltr'>conficiendum</span> <span class='ocrx_word' id='word_1_203' title='bbox 619 2021 854 2070; x_wconf 86' lang='lat' dir='ltr'>pannum</span> <span class='ocrx_word' id='word_1_204' title='bbox 896 2025 989 2074; x_wconf 88' lang='lat' dir='ltr'>pro</span> <span class='ocrx_word' id='word_1_205' title='bbox 1014 2010 1295 2062; x_wconf 77' lang='lat' dir='ltr'>induendis</span> <span class='ocrx_word' id='word_1_206' title='bbox 1317 2011 1586 2065; x_wconf 80' lang='lat' dir='ltr'>Fratribus</span> <span class='ocrx_word' id='word_1_207' title='bbox 1607 2015 1704 2067; x_wconf 87' lang='lat' dir='ltr'>suis</span> <span class='ocrx_word' id='word_1_208' title='bbox 1726 2051 1740 2074; x_wconf 88' lang='lat'>‚</span> 
     </span>
     <span class='ocr_line' id='line_1_28' title="bbox 179 2075 1743 2146; baseline 0.002 -14"><span class='ocrx_word' id='word_1_209' title='bbox 179 2079 563 2146; x_wconf 87' lang='lat' dir='ltr'>permittuntur</span> <span class='ocrx_word' id='word_1_210' title='bbox 605 2075 883 2129; x_wconf 81' lang='lat' dir='ltr'>dumtaxat</span> <span class='ocrx_word' id='word_1_211' title='bbox 904 2093 1127 2146; x_wconf 81' lang='lat' dir='ltr'>erogare</span> <span class='ocrx_word' id='word_1_212' title='bbox 1149 2081 1267 2131; x_wconf 85' lang='lat' dir='ltr'>aliis</span> <span class='ocrx_word' id='word_1_213' title='bbox 1292 2082 1589 2135; x_wconf 82' lang='lat' dir='ltr'>Provinciis</span> <span class='ocrx_word' id='word_1_214' title='bbox 1611 2101 1743 2137; x_wconf 73' lang='lat' dir='ltr'>eun-</span> 
     </span>
     <span class='ocr_line' id='line_1_29' title="bbox 179 2144 1740 2215; baseline 0.004 -15"><span class='ocrx_word' id='word_1_215' title='bbox 179 2150 304 2200; x_wconf 89' lang='lat' dir='ltr'>dem</span> <span class='ocrx_word' id='word_1_216' title='bbox 325 2163 555 2215; x_wconf 87' lang='lat' dir='ltr'>pannum</span> <span class='ocrx_word' id='word_1_217' title='bbox 584 2180 599 2205; x_wconf 92' lang='lat'>‚</span> <span class='ocrx_word' id='word_1_218' title='bbox 640 2144 693 2195; x_wconf 84' lang='lat' dir='ltr'>in</span> <span class='ocrx_word' id='word_1_219' title='bbox 734 2148 920 2212; x_wconf 88' lang='lat' dir='ltr'>quibus</span> <span class='ocrx_word' id='word_1_220' title='bbox 947 2150 1011 2199; x_wconf 87' lang='lat' dir='ltr'>ad</span> <span class='ocrx_word' id='word_1_221' title='bbox 1049 2149 1354 2215; x_wconf 56' lang='lat' dir='ltr'>praedictum</span> <span class='ocrx_word' id='word_1_222' title='bbox 1376 2153 1618 2205; x_wconf 70' lang='lat' dir='ltr'>effe‹stum</span> <span class='ocrx_word' id='word_1_223' title='bbox 1638 2156 1740 2206; x_wconf 87' lang='lat' dir='ltr'>La·-</span> 
     </span>
     <span class='ocr_line' id='line_1_30' title="bbox 176 2212 1741 2281; baseline 0.002 -10"><span class='ocrx_word' id='word_1_224' title='bbox 176 2218 358 2271; x_wconf 85' lang='lat' dir='ltr'>nificia</span> <span class='ocrx_word' id='word_1_225' title='bbox 378 2212 673 2277; x_wconf 83' lang='lat' dir='ltr'>hujusmodi</span> <span class='ocrx_word' id='word_1_226' title='bbox 699 2232 804 2266; x_wconf 90' lang='lat' dir='ltr'>non</span> <span class='ocrx_word' id='word_1_227' title='bbox 829 2219 1053 2269; x_wconf 79' lang='lat' dir='ltr'>existunt</span> <span class='ocrx_word' id='word_1_228' title='bbox 1078 2257 1094 2281; x_wconf 90' lang='lat'>,</span> <span class='ocrx_word' id='word_1_229' title='bbox 1130 2219 1276 2270; x_wconf 85' lang='lat' dir='ltr'>ficuti</span> <span class='ocrx_word' id='word_1_230' title='bbox 1314 2220 1362 2271; x_wconf 60' lang='grc' dir='ltr'>ὃς</span> <span class='ocrx_word' id='word_1_231' title='bbox 1383 2222 1621 2275; x_wconf 87' lang='lat' dir='ltr'>Novitiis</span> <span class='ocrx_word' id='word_1_232' title='bbox 1641 2223 1741 2275; x_wconf 91' lang='lat' dir='ltr'>suis</span> 
     </span>
     <span class='ocr_line' id='line_1_31' title="bbox 181 2282 1738 2350; baseline 0.002 -10"><span class='ocrx_word' id='word_1_233' title='bbox 181 2289 244 2341; x_wconf 91' lang='lat' dir='ltr'>ad</span> <span class='ocrx_word' id='word_1_234' title='bbox 283 2287 521 2339; x_wconf 87' lang='lat' dir='ltr'>habitum</span> <span class='ocrx_word' id='word_1_235' title='bbox 547 2282 772 2336; x_wconf 87' lang='lat' dir='ltr'>Ordinis</span> <span class='ocrx_word' id='word_1_236' title='bbox 818 2287 1166 2340; x_wconf 83' lang='lat' dir='ltr'>admittendis</span> <span class='ocrx_word' id='word_1_237' title='bbox 1191 2325 1206 2350; x_wconf 88' lang='lat'>,</span> <span class='ocrx_word' id='word_1_238' title='bbox 1248 2291 1487 2343; x_wconf 81' lang='lat' dir='ltr'>cavendo</span> <span class='ocrx_word' id='word_1_239' title='bbox 1510 2294 1562 2344; x_wconf 92' lang='lat' dir='ltr'>in</span> <span class='ocrx_word' id='word_1_240' title='bbox 1587 2309 1738 2345; x_wconf 85' lang='lat' dir='ltr'>utro—</span> 
     </span>
     <span class='ocr_line' id='line_1_32' title="bbox 184 2355 1742 2426; baseline 0.003 -17"><span class='ocrx_word' id='word_1_241' title='bbox 184 2375 281 2424; x_wconf 88' lang='lat' dir='ltr'>que</span> <span class='ocrx_word' id='word_1_242' title='bbox 306 2357 422 2410; x_wconf 88' lang='lat' dir='ltr'>casu</span> <span class='ocrx_word' id='word_1_243' title='bbox 448 2394 463 2418; x_wconf 88' lang='lat'>‚</span> <span class='ocrx_word' id='word_1_244' title='bbox 503 2371 568 2406; x_wconf 87' lang='lat' dir='ltr'>ne</span> <span class='ocrx_word' id='word_1_245' title='bbox 607 2355 744 2406; x_wconf 86' lang='lat' dir='ltr'>tales</span> <span class='ocrx_word' id='word_1_246' title='bbox 783 2358 1126 2426; x_wconf 73' lang='lat' dir='ltr'>erogationes</span> <span class='ocrx_word' id='word_1_247' title='bbox 1152 2360 1397 2426; x_wconf 78' lang='lat' dir='ltr'>quaestum</span> <span class='ocrx_word' id='word_1_248' title='bbox 1421 2362 1699 2414; x_wconf 81' lang='lat' dir='ltr'>redoleant</span> <span class='ocrx_word' id='word_1_249' title='bbox 1725 2398 1742 2423; x_wconf 91' lang='lat'>‚</span> 
     </span>
     <span class='ocr_line' id='line_1_33' title="bbox 189 2427 1753 2495; baseline 0.003 -17"><span class='ocrx_word' id='word_1_250' title='bbox 189 2439 687 2485; x_wconf 80' lang='lat' dir='ltr'>mercaturamque‚</span> <span class='ocrx_word' id='word_1_251' title='bbox 728 2439 792 2476; x_wconf 91' lang='lat' dir='ltr'>ne</span> <span class='ocrx_word' id='word_1_252' title='bbox 810 2427 1169 2494; x_wconf 70' lang='lat' dir='ltr'>Eleemosynae</span> <span class='ocrx_word' id='word_1_253' title='bbox 1191 2430 1504 2495; x_wconf 82' lang='lat' dir='ltr'>pecuniariae</span> <span class='ocrx_word' id='word_1_254' title='bbox 1527 2433 1588 2482; x_wconf 88' lang='lat' dir='ltr'>ab</span> <span class='ocrx_word' id='word_1_255' title='bbox 1615 2432 1753 2494; x_wconf 77' lang='lat' dir='ltr'>aliiS‚</span> 
     </span>
     <span class='ocr_line' id='line_1_34' title="bbox 183 2494 1753 2568; baseline 0.003 -21"><span class='ocrx_word' id='word_1_256' title='bbox 183 2514 341 2561; x_wconf 87' lang='lat' dir='ltr'>quam</span> <span class='ocrx_word' id='word_1_257' title='bbox 371 2497 397 2546; x_wconf 75' lang='lat' dir='ltr'>a</span> <span class='ocrx_word' id='word_1_258' title='bbox 418 2494 662 2561; x_wconf 85' lang='lat' dir='ltr'>Syndicis</span> <span class='ocrx_word' id='word_1_259' title='bbox 681 2494 1000 2560; x_wconf 81' lang='lat' dir='ltr'>Apostolicis</span> <span class='ocrx_word' id='word_1_260' title='bbox 1018 2499 1308 2551; x_wconf 64' lang='lat' dir='ltr'>tractentur</span> <span class='ocrx_word' id='word_1_261' title='bbox 1328 2534 1343 2559; x_wconf 92' lang='lat'>‚</span> <span class='ocrx_word' id='word_1_262' title='bbox 1383 2513 1471 2552; x_wconf 89' lang='lat' dir='ltr'>aut</span> <span class='ocrx_word' id='word_1_263' title='bbox 1490 2500 1753 2568; x_wconf 85' lang='lat' dir='ltr'>recipian-</span> 
     </span>
     <span class='ocr_line' id='line_1_35' title="bbox 192 2566 1754 2634; baseline 0.002 -17"><span class='ocrx_word' id='word_1_264' title='bbox 192 2579 280 2617; x_wconf 84' lang='lat' dir='ltr'>tur</span> <span class='ocrx_word' id='word_1_265' title='bbox 302 2584 321 2618; x_wconf 69' lang='lat'>2·</span> <span class='ocrx_word' id='word_1_266' title='bbox 362 2582 424 2617; x_wconf 72' lang='lat' dir='ltr'>ne</span> <span class='ocrx_word' id='word_1_267' title='bbox 448 2566 665 2615; x_wconf 79' lang='lat' dir='ltr'>demum</span> <span class='ocrx_word' id='word_1_268' title='bbox 708 2581 938 2629; x_wconf 68' lang='lat' dir='ltr'>pannum</span> <span class='ocrx_word' id='word_1_269' title='bbox 979 2567 1267 2621; x_wconf 86' lang='lat' dir='ltr'>distrahant</span> <span class='ocrx_word' id='word_1_270' title='bbox 1290 2569 1341 2619; x_wconf 90' lang='lat' dir='ltr'>in</span> <span class='ocrx_word' id='word_1_271' title='bbox 1361 2571 1570 2623; x_wconf 86' lang='lat' dir='ltr'>Fratres</span> <span class='ocrx_word' id='word_1_272' title='bbox 1596 2608 1611 2634; x_wconf 92' lang='lat'>‚</span> <span class='ocrx_word' id='word_1_273' title='bbox 1649 2573 1754 2622; x_wconf 74' lang='lat' dir='ltr'>sive</span> 
     </span>
     <span class='ocr_line' id='line_1_36' title="bbox 190 2631 1753 2707; baseline 0.001 -19"><span class='ocrx_word' id='word_1_274' title='bbox 190 2631 457 2688; x_wconf 65' lang='lat' dir='ltr'>Profess&#39;os</span> <span class='ocrx_word' id='word_1_275' title='bbox 478 2669 492 2693; x_wconf 84' lang='lat'>,</span> <span class='ocrx_word' id='word_1_276' title='bbox 531 2635 629 2685; x_wconf 76' lang='lat' dir='ltr'>sive</span> <span class='ocrx_word' id='word_1_277' title='bbox 652 2633 901 2686; x_wconf 76' lang='lat' dir='ltr'>Novin‘os</span> <span class='ocrx_word' id='word_1_278' title='bbox 930 2637 1152 2689; x_wconf 87' lang='lat' dir='ltr'>aliarum</span> <span class='ocrx_word' id='word_1_279' title='bbox 1178 2639 1580 2692; x_wconf 81' lang='lat' dir='ltr'>Provinciarum</span> <span class='ocrx_word' id='word_1_280' title='bbox 1604 2676 1620 2702; x_wconf 91' lang='lat'><em>‚</em></span> <span class='ocrx_word' id='word_1_281' title='bbox 1641 2656 1753 2707; x_wconf 79' lang='lat' dir='ltr'>quae</span> 
     </span>
     <span class='ocr_line' id='line_1_37' title="bbox 195 2703 1755 2776; baseline 0.004 -21"><span class='ocrx_word' id='word_1_282' title='bbox 195 2704 245 2755; x_wconf 63' lang='grc' dir='ltr'>ὃς</span> <span class='ocrx_word' id='word_1_283' title='bbox 270 2704 380 2770; x_wconf 68' lang='lat' dir='ltr'>ipsae</span> <span class='ocrx_word' id='word_1_284' title='bbox 403 2703 673 2755; x_wconf 59' lang='lat' dir='ltr'>[artificiis</span> <span class='ocrx_word' id='word_1_285' title='bbox 712 2705 811 2755; x_wconf 67' lang='lat' dir='ltr'>tuis</span> <span class='ocrx_word' id='word_1_286' title='bbox 856 2706 1105 2759; x_wconf 57' lang='lat' dir='ltr'>instructa:</span> <span class='ocrx_word' id='word_1_287' title='bbox 1130 2707 1226 2759; x_wconf 87' lang='lat' dir='ltr'>fint</span> <span class='ocrx_word' id='word_1_288' title='bbox 1246 2744 1262 2769; x_wconf 92' lang='lat'>‚</span> <span class='ocrx_word' id='word_1_289' title='bbox 1301 2708 1351 2759; x_wconf 58' lang='grc' dir='ltr'>δέ</span> <span class='ocrx_word' id='word_1_290' title='bbox 1372 2709 1627 2776; x_wconf 84' lang='lat' dir='ltr'>Deputati</span> <span class='ocrx_word' id='word_1_291' title='bbox 1651 2711 1755 2762; x_wconf 87' lang='lat' dir='ltr'>La-</span> 
     </span>
     <span class='ocr_line' id='line_1_38' title="bbox 192 2771 1760 2845; baseline -0.001 -15"><span class='ocrx_word' id='word_1_292' title='bbox 192 2772 498 2830; x_wconf 69' lang='lat' dir='ltr'>nificiornm</span> <span class='ocrx_word' id='word_1_293' title='bbox 525 2811 542 2839; x_wconf 61' lang='lat'><strong><em>7</em></strong></span> <span class='ocrx_word' id='word_1_294' title='bbox 580 2771 667 2838; x_wconf 82' lang='lat' dir='ltr'>qui</span> <span class='ocrx_word' id='word_1_295' title='bbox 725 2776 1138 2833; x_wconf 77' lang='lat' dir='ltr'>contrafecerint</span> <span class='ocrx_word' id='word_1_296' title='bbox 1157 2815 1176 2844; x_wconf 87' lang='grc'>,</span> <span class='ocrx_word' id='word_1_297' title='bbox 1214 2778 1550 2845; x_wconf 83' lang='lat' dir='ltr'>deponantur</span> <span class='ocrx_word' id='word_1_298' title='bbox 1596 2781 1623 2832; x_wconf 68' lang='lat' dir='ltr'>a</span> <span class='ocrx_word' id='word_1_299' title='bbox 1677 2793 1760 2830; x_wconf 78' lang='lat' dir='ltr'>ta·-</span> 
     </span>
    </p>

    <p class='ocr_par' dir='ltr' id='par_1_5' title="bbox 1639 2848 1681 2900">
     <span class='ocr_line' id='line_1_39' title="bbox 1639 2848 1681 2900; baseline -0.048 0"><span class='ocrx_word' id='word_1_300' title='bbox 1639 2848 1681 2900; x_wconf 90' lang='lat' dir='ltr'>li</span> 
     </span>
    </p>
   </div>
  </div>
 </body>
</html>
