2143 3084
158 184 284 236 beat
307 219 323 244 ‚
361 180 411 236 Sc
432 195 495 235 ex
517 180 744 233 inventis
766 178 950 231 ovibus
973 179 1229 248 gaudIum
1261 181 1387 234 boni
1416 134 1761 238 Parioi-1320

165 253 361 306 crescat
401 251 728 319 plurimum,
769 265 957 302 omnes
981 254 1256 315 Apostatas
1296 256 1475 304 nostrae
1512 257 1749 322 Religio-

163 324 285 387 nis,
322 323 408 389 qui
444 331 720 385 tamquam
760 318 1045 385 deperditae
1092 337 1219 372 oves
1259 322 1380 393 vagi
1404 360 1419 385 ,
1459 324 1510 375 Sc
1537 324 1743 394 profugi

162 409 254 460 per
274 391 430 444 devia
462 388 907 456 errant,paternis
930 388 1298 442 misericordiae
1322 391 1606 447 visceribus
1629 413 1746 447 am-

162 460 316 529 plesti
348 459 734 522 desideramus,
781 458 833 509 ὃ(
865 459 931 510 ad
953 460 1160 511 caulam
1195 474 1418 530 gregum
1454 480 1742 525 revocare,

163 531 528 584 cende-nantes
567 530 645 581 eis
684 544 871 580 omnes
916 545 1096 594 poenas
1134 530 1338 581 ratione
1380 537 1634 599 apostzifiae
1678 551 1744 587 ex

166 599 462 667 praescripto
498 599 682 666 legum
716 597 1031 665 infligendas
1064 635 1080 660 ‚
1117 598 1418 653 dummodo
1458 605 1595 657 intra
1637 606 1745 671 spa-

164 669 301 722 tium
322 682 548 736 quatuor
571 668 826 720 mensium
862 669 925 719 ab
948 670 1134 720 harum
1159 669 1464 722 litterarum
1513 675 1746 738 publica-

164 745 311 794 tione
330 740 376 790 se
397 737 706 805 praesentent
724 737 825 789 suis
852 737 1162 790 Provinciis:
1181 739 1365 804 quibus
1382 740 1586 808 elapsa,
1613 745 1745 797 nulli

157 808 378 877 praesens
416 805 779 874 suffragabitur
811 807 984 873 gratia
1008 843 1024 868 ‚
1062 809 1190 860 ficut
1223 825 1317 859 nec
1342 808 1447 860 illis
1476 850 1491 873 ,
1528 813 1615 879 qui
1649 812 1743 866 ina,

157 874 540 932 confidentiam
563 881 750 929 harum
791 876 1089 928 litterarum
1111 915 1127 939 ‚
1164 881 1271 943 post
1303 894 1392 929 eas
1430 882 1740 943 intimata&

154 948 476 1017 deliquerint
495 966 514 1000 ,-
550 945 792 1012 quinimo
812 956 922 996 tam
946 960 1133 998 contra
1157 947 1287 1013 ipsos
1310 984 1326 1008 ‚
1367 966 1526 1014 quam
1557 964 1744 1003 contra

152 1020 288 1072 alios
309 1013 661 1085 quoscumque
680 1014 754 1067 sui
773 1016 936 1067 status
958 1014 1253 1070 desertores
1274 1019 1421 1071 omni
1442 1021 1576 1081 juris
1600 1021 1745 1091 rigo-

151 1104 213 1139 re
232 1085 589 1156 procedemus
613 1121 626 1135 .
806 1149 808 1151 ‚
1216 1147 1223 1152 .
1421 1146 1425 1148 Π
1680 1127 1683 1129 ,

287 1157 533 1222 Denique
573 1168 628 1207 ut
650 1152 993 1222 gratitudinis
1014 1158 1192 1208 nostrae
1217 1154 1397 1211 debita
1419 1177 1513 1225 pro
1537 1162 1733 1215 viribus

142 1226 509 1294 persolvamus
529 1263 545 1289 ,
577 1227 703 1277 cum
730 1224 940 1289 Religio
966 1228 1137 1277 nostra
1161 1243 1226 1277 eo
1248 1231 1421 1293 magis
1441 1229 1726 1286 aditi-ieta,

139 1296 203 1349 fit
223 1293 395 1349 benefi
418 1297 492 1346 :iis
514 1295 814 1360 Principum
837 1327 853 1355 ‚
892 1293 1070 1361 quoin
1092 1295 1279 1348 Terris
1315 1295 1516 1367 degens
1538 1317 1728 1368 paupe-

60 1409 68 1411 ,
104 1365 253 1417 ,αῖον
269 1367 335 1417 ab
380 1365 470 1429 psis
491 1363 811 1415 cumulatius
855 1365 1162 1416 muneribus
1201 1381 1493 1429 oneratur,
1534 1371 1586 1421 Sc
1610 1385 1731 1436 gra-

135 1433 265 1496 aiis,
302 1450 336 1485 o
365 1449 491 1485 nnes
514 1449 647 1485 curae
669 1434 846 1484 nostrae
890 1431 1140 1494 snbjcc'tos
1172 1437 1520 1489 exhortamur
1558 1445 1727 1492 vehe-

140 1515 355 1557 menter
377 1502 430 1554 in
453 1502 694 1554 Domino
713 1538 728 1562 ‚
768 1502 818 1553 Sc
838 1503 1168 1569 praecipimus
1190 1539 1205 1564 ‚
1246 1516 1302 1555 ut
1321 1521 1510 1560 omnes
1536 1546 1550 1570 ‚
1593 1526 1727 1561 con<

142 1573 309 1624 tinnis
328 1570 466 1638 apud
487 1573 664 1623 Deum
687 1568 850 1622 effufis
875 1573 1112 1637 precibus
1136 1610 1150 1633 ‚
1189 1573 1424 1626 maxime
1447 1592 1727 1632 commen-

126 1639 302 1695 „datos
321 1642 548 1694 habeant
569 1677 583 1689 .
622 1641 682 1691 In
699 1640 885 1706 prirnis
902 1656 1080 1694 autem
1105 1644 1282 1693 Deum
1322 1659 1542 1698 exorare
1565 1647 1729 1701 debe·-

146 1727 265 1761 mus
302 1727 396 1776 pro
417 1710 787 1762 incolumitate
807 1745 821 1769 ‚
862 1727 920 1761 ac
948 1710 1151 1762 diutina
1189 1711 1588 1768 conservatione
1613 1718 1731 1770 uni-

146 1781 363 1831 versalis
404 1779 636 1830 Ecclessae
667 1779 926 1842 PastoriS,
965 1780 1276 1832 Satii’tilfimi
1299 1782 1522 1835 Domini
1544 1787 1725 1838 Nostri

144 1847 540 1902 BENEDICTI
563 1848 713 1902 Xssl.
737 1885 752 1909 ,
792 1850 874 1900 cni
893 1849 1222 1915 ,potiffimnm
1244 1850 1451 1920 Religio
1468 1859 1645 1909 nostra
1674 1856 1724 1910 se

142 1915 448 1969 devinctam
486 1934 643 1984 quam
689 1918 970 1970 arciiffinst:
1009 1918 1332 1987 agnoscit-ob
1351 1924 1461 1981 eju-s
1495 1925 1728 1994 fingula-

147 2003 262 2037 rem
281 2024 294 2045 ‚
324 2000 704 2053 paternamque
724 2003 850 2055 erga
877 1988 1036 2052 ipsam
1058 1986 1396 2042 dilectionem
1421 2027 1437 2051 ,
1459 2009 1581 2044 cum
1602 2010 1726 2062 vgra-

147 2056 343 2107 tiarum
360 2094 380 2118 .,
405 2056 454 2108 Se
475 2054 851 2108 beneficiorum
878 2057 1079 2126 ingenti
1103 2056 1346 2110 effufione
1367 2064 1723 2122 conjunctam:
1755 2115 1759 2118 .

144 2124 337 2176 deinde
355 2127 460 2178 fine
485 2125 872 2178 intermistione
894 2143 1046 2179 orare
1074 2137 1163 2193 pro
1186 2127 1333 2180 Fidei
1360 2132 1687 2188 exaltatione
1703 2173 1721 2200 ,

145 2211 237 2259 pro
265 2194 488 2247 victoria
508 2207 695 2248 contra
717 2195 964 2248 infideles
985 2233 1000 2257 ‚
1040 2214 1132 2261 pro
1153 2212 1279 2262 pace
1299 2198 1723 2258 Christianorum

146 2263 446 2331 Principum
471 2301 487 2327 ‚
526 2282 585 2317 ac
606 2282 700 2332 pro
729 2283 917 2318 eornm
942 2267 1103 2319 salute
1130 2302 1146 2327 ‚
1183 2266 1475 2330 felicitate,
1516 2274 1724 2341 prospe·
1749 2307 1753 2311 >

143 2348 304 2399 roque
322 2335 609 2402 gubernio,
650 2335 918 2387 Postremo
947 2353 1042 2403 pro
1060 2337 1247 2395 maiori
1266 2336 1522 2404 spirituali
1543 2344 1722 2396 incre-

147 2415 334 2455 mento
370 2402 662 2470 Religionis
703 2408 883 2457 nostrat
926 2406 1254 2458 humillimas
1277 2410 1398 2460 Deo
1414 2407 1716 2468 effundite)

147 2486 328 2536 preces
350 2509 365 2532 ‚
403 2469 591 2534 &juffa
612 2474 663 2524 in
680 2475 897 2528 Statutis
920 2475 1268 2528 Generalibus
1293 2478 1516 2531 Ordinis
1538 2480 1717 2535 suffra-

139 2540 231 2605 gia
248 2540 427 2591 exafte
446 2543 663 2608 implete
683 2579 699 2604 ,
737 2561 797 2596 ac
819 2561 1087 2598 memores
1110 2544 1265 2596 nostri
1287 2547 1392 2598 fitis
1415 2548 1465 2598 in
1487 2549 1716 2604 Oratio*¹

143 2609 294 2660 nibus
313 2646 328 2670 ,
370 2610 418 2661 8<
439 2610 721 2666 SacrificiIs
742 2652 755 2665 .
794 2615 1003 2666 Interea
1027 2615 1142 2665 Nos
1169 2614 1221 2665 in
1245 2617 1464 2669 nomine
1501 2619 1587 2671 SS.
1611 2623 1714 2675 Pa-

144 2677 309 2730 rentis
329 2680 398 2732 N.
423 2681 682 2734 Francisci
702 2684 866 2736 Vobis
888 2684 1130 2735 omnibus
1153 2686 1489 2750 Seraphicam
1514 2688 1713 2754 imp-ar-

143 2745 311 2797 timur
350 2749 775 2808 benediffionem
810 2760 862 2808 in
887 2753 1124 2873 Norssiiie
1147 2755 1320 2806 Patris
1340 2792 1357 2818 ‚
1394 2756 1445 2809 ὃς
1465 2755 1623 2817 Filii,
1661 2760 1712 2812 &
1740 2807 1749 2813 .

1533 2828 1645 2895 Spi-
